%% Bib-file example
%
% use \url{url} for web-page addresses in all other entrytypes except url (see examples)
%
% Entrytype keywords is used to separate different entries for biblatex, myown is for your own publications
%

@article{bayesthomas,
  title={An essay towards solving a problem in the doctrine of chances},
  author={Bayes, Thomas},
  journal={Philosophical Transactions},
  volume={53},
  pages={370--418},
  year={1763},
}

@article{pan2009survey,
  title={A survey on transfer learning},
  author={Pan, Sinno Jialin and Yang, Qiang},
  journal={IEEE Transactions on knowledge and data engineering},
  volume={22},
  number={10},
  pages={1345--1359},
  year={2009},
  publisher={IEEE}
}

@article{petersen2010alzheimer,
  title={Alzheimer's disease neuroimaging initiative (ADNI): clinical characterization},
  author={Petersen, Ronald Carl and Aisen, PS and Beckett, Laurel A and Donohue, MC and Gamst, AC and Harvey, Danielle J and Jack, CR and Jagust, WJ and Shaw, LM and Toga, AW and others},
  journal={Neurology},
  volume={74},
  number={3},
  pages={201--209},
  year={2010},
  publisher={AAN Enterprises}
}

@article{menze2014multimodal,
  title={The multimodal brain tumor image segmentation benchmark (BRATS)},
  author={Menze, Bjoern H and Jakab, Andras and Bauer, Stefan and Kalpathy-Cramer, Jayashree and Farahani, Keyvan and Kirby, Justin and Burren, Yuliya and Porz, Nicole and Slotboom, Johannes and Wiest, Roland and others},
  journal={IEEE transactions on medical imaging},
  volume={34},
  number={10},
  pages={1993--2024},
  year={2014},
  publisher={IEEE}
}

@article{bakas2017advancing,
  title={Advancing the cancer genome atlas glioma MRI collections with expert segmentation labels and radiomic features},
  author={Bakas, Spyridon and Akbari, Hamed and Sotiras, Aristeidis and Bilello, Michel and Rozycki, Martin and Kirby, Justin S and Freymann, John B and Farahani, Keyvan and Davatzikos, Christos},
  journal={Scientific data},
  volume={4},
  number={1},
  pages={1--13},
  year={2017},
  publisher={Nature Publishing Group}
}

@article{bakas2018identifying,
  title={Identifying the best machine learning algorithms for brain tumor segmentation, progression assessment, and overall survival prediction in the BRATS challenge},
  author={Bakas, Spyridon and Reyes, Mauricio and Jakab, Andras and Bauer, Stefan and Rempfler, Markus and Crimi, Alessandro and Shinohara, Russell Takeshi and Berger, Christoph and Ha, Sung Min and Rozycki, Martin and others},
  journal={arXiv preprint arXiv:1811.02629},
  year={2018}
}

@article{isensee2021nnu,
  title={nnU-Net: a self-configuring method for deep learning-based biomedical image segmentation},
  author={Isensee, Fabian and Jaeger, Paul F and Kohl, Simon AA and Petersen, Jens and Maier-Hein, Klaus H},
  journal={Nature Methods},
  volume={18},
  number={2},
  pages={203--211},
  year={2021},
  publisher={Nature Publishing Group}
}

@article{lin2017focal,
  title={Focal loss for dense object detection},
  author={Lin, Tsung-Yi and Goyal, Priya and Girshick, Ross and He, Kaiming and Doll{\'a}r, Piotr},
  journal={Proceedings of the IEEE international conference on computer vision},
  pages={2980--2988},
  year={2017}
}

@article{lee2015deeply,
  title={Deeply-supervised nets},
  author={Lee, Chen-Yu and Xie, Saining and Gallagher, Patrick and Zhang, Zhengyou and Tu, Zhuowen},
  journal={Artificial intelligence and statistics},
  pages={562--570},
  year={2015},
  organization={PMLR}
}



@article{bernard2018deep,
  title={Deep learning techniques for automatic MRI cardiac multi-structures segmentation and diagnosis: is the problem solved?},
  author={Bernard, Olivier and Lalande, Alain and Zotti, Clement and Cervenansky, Frederick and Yang, Xin and Heng, Pheng-Ann and Cetin, Irem and Lekadir, Karim and Camara, Oscar and Ballester, Miguel Angel Gonzalez and others},
  journal={IEEE transactions on medical imaging},
  volume={37},
  number={11},
  pages={2514--2525},
  year={2018},
  publisher={ieee}
}

@article{krahenbuhl2011efficient,
  title={Efficient inference in fully connected crfs with gaussian edge potentials},
  author={Kr{\"a}henb{\"u}hl, Philipp and Koltun, Vladlen},
  journal={Advances in neural information processing systems},
  volume={24},
  year={2011}
}

@article{maier2017isles,
  title={ISLES 2015-A public evaluation benchmark for ischemic stroke lesion segmentation from multispectral MRI},
  author={Maier, Oskar and Menze, Bjoern H and von der Gablentz, Janina and H{\"a}ni, Levin and Heinrich, Mattias P and Liebrand, Matthias and Winzeck, Stefan and Basit, Abdul and Bentley, Paul and Chen, Liang and others},
  journal={Medical image analysis},
  volume={35},
  pages={250--269},
  year={2017},
  publisher={Elsevier}
}

@article{kascenas2021denoising,
  title={Denoising Autoencoders for Unsupervised Anomaly Detection in Brain MRI},
  author={Kascenas, Antanas and Pugeault, Nicolas and O'Neil, Alison Q},
  journal={Medical Imaging with Deep Learning},
  year={2022}
}

@article{tuladhar2022federated,
  title={Federated Learning Using Variable Local Training for Brain Tumor Segmentation},
  author={Tuladhar, Anup and Tyagi, Lakshay and Souza, Raissa and Forkert, Nils D},
  journal={International MICCAI Brainlesion Workshop},
  pages={392--404},
  year={2022},
  organization={Springer}
}

@article{fujii2021cell,
  title={Cell Detection from Imperfect Annotation by Pseudo Label Selection Using P-classification},
  author={Fujii, Kazuma and Suehiro, Daiki and Nishimura, Kazuya and Bise, Ryoma},
  journal={International Conference on Medical Image Computing and Computer-Assisted Intervention},
  pages={425--434},
  year={2021},
  organization={Springer}
}




@article{DARZIDEHKALANI2022969,
title = {Federated Learning in Medical Imaging: Part I: Toward Multicentral Health Care Ecosystems},
journal = {Journal of the American College of Radiology},
volume = {19},
number = {8},
pages = {969-974},
year = {2022},
issn = {1546-1440},
doi = {https://doi.org/10.1016/j.jacr.2022.03.015},
url = {https://www.sciencedirect.com/science/article/pii/S1546144022002800},
author = {Erfan Darzidehkalani and Mohammad Ghasemi-rad and P.M.A. {van Ooijen}},
}

@article{1904.00445,
  title={The KiTS19 Challenge Data: 300 Kidney Tumor Cases with Clinical Context, CT Semantic Segmentations, and Surgical Outcomes},
  author={Nicholas Heller and Niranjan Sathianathen and Arveen Kalapara and Edward Walczak and Keenan Moore and Heather Kaluzniak and Joel Rosenberg and Paul Blake and Zachary Rengel and Makinna Oestreich and Joshua Dean and Michael Tradewell and Aneri Shah and Resha Tejpaul and Zachary Edgerton and Matthew Peterson and Shaneabbas Raza and Subodh Regmi and Nikolaos Papanikolopoulos and Christopher Weight},
  journal={arXiv preprint arXiv:1904.00445},
  year={2019}
}

@article{heller2021state,
  title={The state of the art in kidney and kidney tumor segmentation in contrast-enhanced CT imaging: Results of the KiTS19 challenge},
  author={Heller, Nicholas and Isensee, Fabian and Maier-Hein, Klaus H and Hou, Xiaoshuai and Xie, Chunmei and Li, Fengyi and Nan, Yang and Mu, Guangrui and Lin, Zhiyong and Han, Miofei and others},
  journal={Medical image analysis},
  volume={67},
  pages={101821},
  year={2021},
  publisher={Elsevier}
}


@article{huang2021dual,
  title={Dual-Term Loss Function For Shape-Aware Medical Image Segmentation},
  author={Huang, Quanwei and Zhou, Yuezhi and Tao, Linmi},
  journal={2021 IEEE 18th International Symposium on Biomedical Imaging (ISBI)},
  pages={1798--1802},
  year={2021},
  organization={IEEE}
}

@article{cao2020boundary,
  title={Boundary Loss with Non-Euclidean Distance Constraint for ABUS Mass Segmentation},
  author={Cao, Xuyang and Chen, Houjin and Li, Yanfeng and Peng, Yahui and Zhou, Yue and Cheng, Lin},
  journal={2020 13th International Congress on Image and Signal Processing, BioMedical Engineering and Informatics (CISP-BMEI)},
  pages={645--650},
  year={2020},
  organization={IEEE}
}


@article{bengio2009curriculum,
  title={Curriculum learning},
  author={Bengio, Yoshua and Louradour, J{\'e}r{\^o}me and Collobert, Ronan and Weston, Jason},
  journal={Proceedings of the 26th annual international conference on machine learning},
  pages={41--48},
  year={2009}
}

@article{maaten2008visualizing,
  title={Visualizing data using t-SNE},
  author={Maaten, Laurens van der and Hinton, Geoffrey},
  journal={Journal of machine learning research},
  volume={9},
  number={Nov},
  pages={2579--2605},
  year={2008}
}

@article{abrol2021deep,
  title={Deep learning encodes robust discriminative neuroimaging representations to outperform standard machine learning},
  author={Abrol, Anees and Fu, Zening and Salman, Mustafa and Silva, Rogers and Du, Yuhui and Plis, Sergey and Calhoun, Vince},
  journal={Nature communications},
  volume={12},
  number={1},
  pages={1--17},
  year={2021},
  publisher={Nature Publishing Group}
}


@article{wang2019characterizing,
  title={Characterizing and avoiding negative transfer},
  author={Wang, Zirui and Dai, Zihang and P{\'o}czos, Barnab{\'a}s and Carbonell, Jaime},
  journal={Proceedings of the IEEE Conference on Computer Vision and Pattern Recognition},
  pages={11293--11302},
  year={2019}
}

@article{leen2012focused,
  title={Focused multi-task learning in a Gaussian process framework},
  author={Leen, Gayle and Peltonen, Jaakko and Kaski, Samuel},
  journal={Machine learning},
  volume={89},
  number={1-2},
  pages={157--182},
  year={2012},
  publisher={Springer}
}

@article{ge2014handling,
  title={On handling negative transfer and imbalanced distributions in multiple source transfer learning},
  author={Ge, Liang and Gao, Jing and Ngo, Hung and Li, Kang and Zhang, Aidong},
  journal={Statistical Analysis and Data Mining: The ASA Data Science Journal},
  volume={7},
  number={4},
  pages={254--271},
  year={2014},
  publisher={Wiley Online Library}
}

@article{macqueen1967some,
  title={Some methods for classification and analysis of multivariate observations},
  author={MacQueen, James and others},
  journal={Proceedings of the fifth Berkeley symposium on mathematical statistics and probability},
  volume={1},
  pages={281--297},
  year={1967},
  organization={Oakland, CA, USA}
}

@article{dinsdale2020unlearning,
  title={Unlearning Scanner Bias for MRI Harmonisation},
  author={Dinsdale, Nicola K and Jenkinson, Mark and Namburete, Ana IL},
  journal={International Conference on Medical Image Computing and Computer-Assisted Intervention},
  pages={369--378},
  year={2020},
  organization={Springer}
}

@article{cheng2015domain,
  title={Domain transfer learning for MCI conversion prediction},
  author={Cheng, Bo and Liu, Mingxia and Zhang, Daoqiang and Munsell, Brent C and Shen, Dinggang},
  journal={IEEE Transactions on Biomedical Engineering},
  volume={62},
  number={7},
  pages={1805--1817},
  year={2015},
  publisher={IEEE}
}

@article{cheng2015multimodal,
  title={Multimodal manifold-regularized transfer learning for MCI conversion prediction},
  author={Cheng, Bo and Liu, Mingxia and Suk, Heung-Il and Shen, Dinggang and Zhang, Daoqiang and Alzheimer’s Disease Neuroimaging Initiative and others},
  journal={Brain imaging and behavior},
  volume={9},
  number={4},
  pages={913--926},
  year={2015},
  publisher={Springer}
}

@article{goetz2015dalsa,
  title={DALSA: domain adaptation for supervised learning from sparsely annotated MR images},
  author={Goetz, Michael and Weber, Christian and Binczyk, Franciszek and Polanska, Joanna and Tarnawski, Rafal and Bobek-Billewicz, Barbara and Koethe, Ullrich and Kleesiek, Jens and Stieltjes, Bram and Maier-Hein, Klaus H},
  journal={IEEE transactions on medical imaging},
  volume={35},
  number={1},
  pages={184--196},
  year={2015},
  publisher={IEEE}
}

@article{tu2009auto,
  title={Auto-context and its application to high-level vision tasks and 3d brain image segmentation},
  author={Tu, Zhuowen and Bai, Xiang},
  journal={IEEE transactions on pattern analysis and machine intelligence},
  volume={32},
  number={10},
  pages={1744--1757},
  year={2009},
  publisher={IEEE}
}

@article{salehi2017auto,
  title={Auto-context convolutional neural network (auto-net) for brain extraction in magnetic resonance imaging},
  author={Salehi, Seyed Sadegh Mohseni and Erdogmus, Deniz and Gholipour, Ali},
  journal={IEEE transactions on medical imaging},
  volume={36},
  number={11},
  pages={2319--2330},
  year={2017},
  publisher={IEEE}
}


@article{wang2019alzheimer,
  title={Alzheimer's Disease Brain Network Classification Using Improved Transfer Feature Learning with Joint Distribution Adaptation},
  author={Wang, Binglin and Li, Wei and Fan, Wenliang and Chen, Xi and Wu, Dongrui},
  journal={41st Annual International Conference of the IEEE Engineering in Medicine and Biology Society (EMBC)},
  pages={2959--2963},
  year={2019},
  organization={IEEE}
}

@article{van2013transfer,
  title={A transfer-learning approach to image segmentation across scanners by maximizing distribution similarity},
  author={Van Opbroek, Annegreet and Ikram, M Arfan and Vernooij, Meike W and De Bruijne, Marleen},
  journal={International Workshop on Machine Learning in Medical Imaging},
  pages={49--56},
  year={2013},
  organization={Springer}
}

@article{van2015weighting,
  title={Weighting training images by maximizing distribution similarity for supervised segmentation across scanners},
  author={van Opbroek, Annegreet and Vernooij, Meike W and Ikram, M Arfan and de Bruijne, Marleen},
  journal={Medical image analysis},
  volume={24},
  number={1},
  pages={245--254},
  year={2015},
  publisher={Elsevier}
}

@article{wang2013modeling,
  title={Modeling 4D changes in pathological anatomy using domain adaptation: Analysis of TBI imaging using a tumor database},
  author={Wang, Bo and Prastawa, Marcel and Saha, Avishek and Awate, Suyash P and Irimia, Andrei and Chambers, Micah C and Vespa, Paul M and Van Horn, John D and Pascucci, Valerio and Gerig, Guido},
  journal={International Workshop on Multimodal Brain Image Analysis},
  pages={31--39},
  year={2013},
  organization={Springer}
}

@article{van2012supervised,
  title={Supervised image segmentation across scanner protocols: A transfer learning approach},
  author={van Opbroek, Annegreet and Ikram, M Arfan and Vernooij, Meike W and de Bruijne, Marleen},
  journal={International Workshop on Machine Learning in Medical Imaging},
  pages={160--167},
  year={2012},
  organization={Springer}
}

@article{tan2018localized,
  title={Localized instance fusion of MRI data of Alzheimer’s disease for classification based on instance transfer ensemble learning},
  author={Tan, Xiaoheng and Liu, Yuchuan and Li, Yongming and Wang, Pin and Zeng, Xiaoping and Yan, Fang and Li, Xinke},
  journal={Biomedical engineering online},
  volume={17},
  number={1},
  pages={49},
  year={2018},
  publisher={Springer}
}

@article{ali2020domain,
  title={Domain Mapping and Deep Learning from Multiple MRI Clinical Datasets for Prediction of Molecular Subtypes in Low Grade Gliomas},
  author={Ali, Muhaddisa Barat and Gu, Irene Yu-Hua and Berger, Mitchel S and Pallud, Johan and Southwell, Derek and Widhalm, Georg and Roux, Alexandre and Vecchio, Tom{\'a}s Gomez and Jakola, Asgeir Store},
  journal={Brain Sciences},
  volume={10},
  number={7},
  pages={463},
  year={2020},
  publisher={Multidisciplinary Digital Publishing Institute}
}

@article{tokuoka2019inductive,
  title={An Inductive Transfer Learning Approach using Cycle-consistent Adversarial Domain Adaptation with Application to Brain Tumor Segmentation},
  author={Tokuoka, Yuta and Suzuki, Shuji and Sugawara, Yohei},
  journal={Proceedings of the 2019 6th International Conference on Biomedical and Bioinformatics Engineering},
  pages={44--48},
  year={2019}
}

@article{li2018detecting,
  title={Detecting Alzheimer's disease on small dataset: A knowledge transfer perspective},
  author={Li, Wei and Zhao, Yifei and Chen, Xi and Xiao, Yang and Qin, Yuanyuan},
  journal={IEEE journal of biomedical and health informatics},
  volume={23},
  number={3},
  pages={1234--1242},
  year={2018},
  publisher={IEEE}
}


@article{wang2016modeling,
  title={Modeling 4D pathological changes by leveraging normative models},
  author={Wang, Bo and Prastawa, Marcel and Irimia, Andrei and Saha, Avishek and Liu, Wei and Goh, SY Matthew and Vespa, Paul M and Van Horn, John D and Gerig, Guido},
  journal={Computer Vision and Image Understanding},
  volume={151},
  pages={3--13},
  year={2016},
  publisher={Elsevier}
}

@article{van2015feature,
  title={Feature-space transformation improves supervised segmentation across scanners},
  author={van Opbroek, Annegreet and Achterberg, Hakim C and de Bruijne, Marleen},
  journal={Medical Learning Meets Medical Imaging},
  pages={85--93},
  year={2015},
  organization={Springer}
}


@article{qin2020knowledge,
  title={Knowledge Transfer Between Datasets for Learning-Based Tissue Microstructure Estimation},
  author={Qin, Yu and Li, Yuxing and Liu, Zhiwen and Ye, Chuyang},
  journal={IEEE 17th International Symposium on Biomedical Imaging (ISBI)},
  pages={1530--1533},
  year={2020},
  organization={IEEE}
}

@article{zhang20203d,
  title={A 3d+ 2d cnn approach incorporating boundary loss for stroke lesion segmentation},
  author={Zhang, Yue and Wu, Jiong and Liu, Yilong and Chen, Yifan and Wu, Ed X and Tang, Xiaoying},
  journal={International Workshop on Machine Learning in Medical Imaging},
  pages={101--110},
  year={2020},
  organization={Springer}
}


@article{zhang2021geometric,
  title={Geometric Loss for Deep Multiple Sclerosis lesion Segmentation},
  author={Zhang, Hang and Zhang, Jinwei and Wang, Rongguang and Zhang, Qihao and Gauthier, Susan A and Spincemaille, Pascal and Nguyen, Thanh D and Wang, Yi},
  journal={IEEE 18th International Symposium on Biomedical Imaging (ISBI)},
  pages={24--28},
  year={2021},
  organization={IEEE}
}


@article{mansoor2019communal,
  title={Communal Domain Learning for Registration in Drifted Image Spaces},
  author={Mansoor, Awais and Linguraru, Marius George},
  journal={International Workshop on Machine Learning in Medical Imaging},
  pages={479--488},
  year={2019},
  organization={Springer}
}

@article{van2018transfer2,
  title={Transfer learning for image segmentation by combining image weighting and kernel learning},
  author={Van Opbroek, Annegreet and Achterberg, Hakim C and Vernooij, Meike W and De Bruijne, Marleen},
  journal={IEEE transactions on medical imaging},
  volume={38},
  number={1},
  pages={213--224},
  year={2018},
  publisher={IEEE}
}

@article{grimm2020semantic,
  title={Semantic segmentation of cerebrospinal fluid and brain volume with a convolutional neural network in pediatric hydrocephalus—transfer learning from existing algorithms},
  author={Grimm, Florian and Edl, Florian and Kerscher, Susanne R and Nieselt, Kay and Gugel, Isabel and Schuhmann, Martin U},
  journal={Acta Neurochirurgica},
  volume={162},
  number={10},
  pages={2463--2474},
  year={2020},
  publisher={Springer}
}

@article{chen2020generalization,
  title={Generalization of diffusion magnetic resonance imaging--based brain age prediction model through transfer learning},
  author={Chen, Chang-Le and Hsu, Yung-Chin and Yang, Li-Ying and Tung, Yu-Hung and Luo, Wen-Bin and Liu, Chih-Min and Hwang, Tzung-Jeng and Hwu, Hai-Gwo and Tseng, Wen-Yih Isaac},
  journal={NeuroImage},
  pages={116831},
  year={2020},
  publisher={Elsevier}
}

@article{chougule2019validating,
  title={On Validating Multimodal MRI Based Stratification of IDH Genotype in High Grade Gliomas Using CNNs and Its Comparison to Radiomics},
  author={Chougule, Tanay and Shinde, Sumeet and Santosh, Vani and Saini, Jitender and Ingalhalikar, Madhura},
  journal={International Workshop on Radiomics and Radiogenomics in Neuro-oncology},
  pages={53--60},
  year={2019},
  organization={Springer}
}


@article{si2020automated,
  title={Automated Detection of Juvenile Myoclonic Epilepsy using CNN based Transfer Learning in Diffusion MRI},
  author={Si, Xiaopeng and Zhang, Xingjian and Zhou, Yu and Sun, Yulin and Jin, Weipeng and Yin, Shaoya and Zhao, Xin and Li, Qiang and Ming, Dong},
  journal={42nd Annual International Conference of the IEEE Engineering in Medicine \& Biology Society (EMBC)},
  pages={1679--1682},
  year={2020},
  organization={IEEE}
}

@article{oh2019classification,
  title={Classification and visualization of Alzheimer’s disease using volumetric convolutional neural network and transfer learning},
  author={Oh, Kanghan and Chung, Young-Chul and Kim, Ko Woon and Kim, Woo-Sung and Oh, Il-Seok},
  journal={Scientific Reports},
  volume={9},
  number={1},
  pages={1--16},
  year={2019},
  publisher={Nature Publishing Group}
}

@article{abrol2020deep,
  title={Deep residual learning for neuroimaging: An application to predict progression to alzheimer’s disease},
  author={Abrol, Anees and Bhattarai, Manish and Fedorov, Alex and Du, Yuhui and Plis, Sergey and Calhoun, Vince and Alzheimer’s Disease Neuroimaging Initiative and others},
  journal={Journal of Neuroscience Methods},
  pages={108701},
  year={2020},
  publisher={Elsevier}
}

@article{alex2017semisupervised,
  title={Semisupervised learning using denoising autoencoders for brain lesion detection and segmentation},
  author={Alex, Varghese and Vaidhya, Kiran and Thirunavukkarasu, Subramaniam and Kesavadas, Chandrasekharan and Krishnamurthi, Ganapathy},
  journal={Journal of Medical Imaging},
  volume={4},
  number={4},
  pages={041311},
  year={2017},
  publisher={International Society for Optics and Photonics}
}

@article{chollet2017xception,
  title={Xception: Deep learning with depthwise separable convolutions},
  author={Chollet, Fran{\c{c}}ois},
  journal={Proceedings of the IEEE conference on computer vision and pattern recognition},
  pages={1251--1258},
  year={2017}
}

@article{chen2018voxresnet,
  title={VoxResNet: Deep voxelwise residual networks for brain segmentation from 3D MR images},
  author={Chen, Hao and Dou, Qi and Yu, Lequan and Qin, Jing and Heng, Pheng-Ann},
  journal={NeuroImage},
  volume={170},
  pages={446--455},
  year={2018},
  publisher={Elsevier}
}

@article{wang2021neurite,
  title={Neurite orientation dispersion and density imaging of rat brain microstructural changes due to middle cerebral artery occlusion at a 3T MRI},
  author={Wang, Zhen-xiong and Zhu, Wen-zhen and Zhang, Shun and Shaghaghi, Mehran and Cai, Ke-jia},
  journal={Current Medical Science},
  volume={41},
  number={1},
  pages={167--172},
  year={2021},
  publisher={Springer}
}

@article{choi2020clinical,
  title={Clinical evaluation of atlas-and deep learning-based automatic segmentation of multiple organs and clinical target volumes for breast cancer},
  author={Choi, Min Seo and Choi, Byeong Su and Chung, Seung Yeun and Kim, Nalee and Chun, Jaehee and Kim, Yong Bae and Chang, Jee Suk and Kim, Jin Sung},
  journal={Radiotherapy and Oncology},
  volume={153},
  pages={139--145},
  year={2020},
  publisher={Elsevier}
}


@article{urago2021evaluation,
  title={Evaluation of auto-segmentation accuracy of cloud-based artificial intelligence and atlas-based models},
  author={Urago, Yuka and Okamoto, Hiroyuki and Kaneda, Tomoya and Murakami, Naoya and Kashihara, Tairo and Takemori, Mihiro and Nakayama, Hiroki and Iijima, Kotaro and Chiba, Takahito and Kuwahara, Junichi and others},
  journal={Radiation Oncology},
  volume={16},
  number={1},
  pages={1--13},
  year={2021},
  publisher={BioMed Central}
}


@article{park2019amide,
  title={Amide proton transfer–weighted MRI can detect tissue acidosis and monitor recovery in a transient middle cerebral artery occlusion model compared with a permanent occlusion model in rats},
  author={Park, Ji Eun and Jung, Seung Chai and Kim, Ho Sung and Suh, Ji-Yeon and Baek, Jin Hee and Woo, Chul-Woong and Park, Bumwoo and Woo, Dong-Cheol},
  journal={European Radiology},
  volume={29},
  number={1},
  pages={4096--4104},
  year={2019}
}

@article{so2019intraperitoneal,
  title={Intraperitoneal delivery of acetate-encapsulated liposomal nanoparticles for neuroprotection of the penumbra in a rat model of ischemic stroke},
  author={So, Po-Wah and Ekonomou, Antigoni and Galley, Kim and Brody, Leigh and Sahuri-Arisoylu, Meliz and Rattray, Ivan and Cash, Diana and Bell, Jimmy D},
  journal={International journal of nanomedicine},
  volume={14},
  number={1},
  pages={1979--1991},
  year={2019}
}


@article{le2022impact,
  title={The Impact of Ischemic Stroke on Gray and White Matter Injury Correlated With Motor and Cognitive Impairments in Permanent MCAO Rats: A Multimodal MRI-Based Study},
  author={Le Yang, Manzhong Li and Zhan, Yu and Feng, Xuefeng and Lu, Yun and Li, Mingcong and Zhuang, Yuming and Lei, Jianfeng and Zhao, Hui},
  journal={Frontiers in Neurology},
  volume={13},
  year={2022},
  publisher={Frontiers Media SA}
}


@article{gao2021automatic,
  title={Automatic rat brain image segmentation using triple cascaded convolutional neural networks in a clinical PET/MR},
  author={Gao, Ya and Li, Zaisheng and Song, Cheng and Li, Lei and Li, Mengmeng and Schmall, Jeffrey and Liu, Hui and Yuan, Jianmin and Wang, Zhe and Zeng, Tianyi and others},
  journal={Physics in Medicine \& Biology},
  volume={66},
  number={4},
  pages={04NT01},
  year={2021},
  publisher={IOP Publishing}
}


@article{tarakci2022evaluating,
  title={Evaluating U-net Brain Extraction for Multi-site and Longitudinal Preclinical Stroke Imaging},
  author={Tarakci, Erendiz and Mandeville, Joseph and Hyder, Fahmeed and Sanganahalli, Basavaraju G and Thedens, Daniel R and Arbab, Ali and Huang, Shuning and Bibic, Adnan and Mihailovic, Jelena and Morais, Andreia and others},
  journal={arXiv preprint arXiv:2203.05716},
  year={2022}
}


@article{seo2022unified,
  title={Unified Deep Learning-Based Mouse Brain MR Segmentation: Template-Based Individual Brain Positron Emission Tomography Volumes-of-Interest Generation Without Spatial Normalization in Mouse Alzheimer Model},
  author={Seo, Seung Yeon and Kim, Soo-Jong and Oh, Jungsu S and Chung, Jinwha and Kim, Seog-Young and Oh, Seung Jun and Joo, Segyeong and Kim, Jae Seung},
  journal={Frontiers in Aging Neuroscience},
  volume={14},
  year={2022},
  publisher={Frontiers Media SA}
}


@article{ruan2021automated,
  title={Automated skull stripping in mouse fMRI analysis using 3D U-Net},
  author={Ruan, Guohui and Liu, Jiaming and An, Ziqi and Wu, Kaiibin and Tong, Chuanjun and Liu, Qiang and Liang, Ping and Liang, Zhifeng and Chen, Wufan and Zhang, Xinyuan and others},
  journal={bioRxiv},
  year={2021},
  publisher={Cold Spring Harbor Laboratory}
}


@article{kulkarni2021whole,
  title={Whole brain in vivo neuropathology: Imaging site-specific changes in brain structure over time following trimethyltin exposure in rats},
  author={Kulkarni, Praveen and Bens, Nicole and Karia, Dhruv K and Ferris, Craig F},
  journal={Toxicology Letters},
  volume={352},
  pages={54--60},
  year={2021},
  publisher={Elsevier}
}

@article{demaree2021exposure,
  title={Exposure to methylphenidate during peri-adolescence decouples the prefrontal cortex: a multimodal MRI study},
  author={Demaree, Jack L and Ortiz, Richard J and Cai, Xuezhu and Aggarwal, Dipak and Senthilkumar, Ilakya and Lawson, Christopher and Kulkarni, Praveen and Cushing, Bruce S and Ferris, Craig},
  journal={American journal of translational research},
  volume={13},
  number={7},
  pages={8480},
  year={2021},
  publisher={e-Century Publishing Corporation}
}


@article{leaston2021quantitative,
  title={Quantitative imaging of blood-brain barrier permeability following repetitive mild head impacts},
  author={Leaston, Joshua and Qiao, Ju and Harding, Ian C and Kulkarni, Praveen and Gharagouzloo, Codi and Ebong, Eno and Ferris, Craig F},
  journal={Frontiers in neurology},
  pages={1654},
  year={2021},
  publisher={Frontiers}
}

@article{valverde2022automatic,
  title={Automatic cerebral hemisphere segmentation in rat MRI with lesions via attention-based convolutional neural networks},
  author={Valverde, Juan Miguel and Shatillo, Artem and de Feo, Riccardo and Tohka, Jussi},
  journal={arXiv preprint arXiv:2108.01941v2},
  year={2022}
}


@article{valverde2021assessing,
  title={Assessing the accuracy and reproducibility of PARIETAL: a deep learning brain extraction algorithm},
  author={Valverde, Sergi and Coll, Llucia and Valencia, Liliana and Cl{\`e}rigues, Albert and Oliver, Arnau and Vilanova, Joan C and Rami{\'o}-Torrent{\`a}, Llu{\'\i}s and Rovira, {\`A}lex and Llad{\'o}, Xavier},
  journal={Journal of Magnetic Resonance Imaging},
  year={2021},
  publisher={Wiley Online Library}
}

@article{hsu20213d,
  title={3D U-Net Improves Automatic Brain Extraction for Isotropic Rat Brain Magnetic Resonance Imaging Data},
  author={Hsu, Li-Ming and Wang, Shuai and Walton, Lindsay and Wang, Tzu-Wen Winnie and Lee, Sung-Ho and Shih, Yen-Yu Ian},
  journal={Frontiers in neuroscience},
  volume={15},
  year={2021},
  publisher={Frontiers Media SA}
}

@article{dolz2018hyperdense,
  title={HyperDense-Net: a hyper-densely connected CNN for multi-modal image segmentation},
  author={Dolz, Jose and Gopinath, Karthik and Yuan, Jing and Lombaert, Herve and Desrosiers, Christian and Ayed, Ismail Ben},
  journal={IEEE transactions on medical imaging},
  volume={38},
  number={5},
  pages={1116--1126},
  year={2018},
  publisher={IEEE}
}


@article{billot2020learning,
  title={A learning strategy for contrast-agnostic MRI segmentation},
  author={Billot, Benjamin and Greve, Douglas and Van Leemput, Koen and Fischl, Bruce and Iglesias, Juan Eugenio and Dalca, Adrian V},
  journal={arXiv preprint arXiv:2003.01995},
  year={2020}
}


@article{hoopes2022synthstrip,
  title={SynthStrip: Skull-Stripping for Any Brain Image},
  author={Hoopes, Andrew and Mora, Jocelyn S and Dalca, Adrian V and Fischl, Bruce and Hoffmann, Malte},
  journal={arXiv preprint arXiv:2203.09974},
  year={2022}
}



@article{roy2018deep,
  title={A deep learning framework for brain extraction in humans and animals with traumatic brain injury},
  author={Roy, Snehashis and Knutsen, Andrew and Korotcov, Alexandru and Bosomtwi, Asamoah and Dardzinski, Bernard and Butman, John A and Pham, Dzung L},
  journal={IEEE 15th International Symposium on Biomedical Imaging (ISBI 2018)},
  pages={687--691},
  year={2018},
  organization={IEEE}
}

@article{efron1987better,
  title={Better bootstrap confidence intervals},
  author={Efron, Bradley},
  journal={Journal of the American statistical Association},
  volume={82},
  number={397},
  pages={171--185},
  year={1987},
  publisher={Taylor \& Francis Group}
}

@article{lakens2013calculating,
  title={Calculating and reporting effect sizes to facilitate cumulative science: a practical primer for t-tests and ANOVAs},
  author={Lakens, Dani{\"e}l},
  journal={Frontiers in psychology},
  volume={4},
  pages={863},
  year={2013},
  publisher={Frontiers}
}

@article{gerriets2004noninvasive,
  title={Noninvasive quantification of brain edema and the space-occupying effect in rat stroke models using magnetic resonance imaging},
  author={Gerriets, Tibo and Stolz, Erwin and Walberer, Maureen and Muller, Clemens and Kluge, Alexander and Bachmann, A and Fisher, Marc and Kaps, Manfred and Bachmann, Georg},
  journal={Stroke},
  volume={35},
  number={2},
  pages={566--571},
  year={2004},
  publisher={Am Heart Assoc}
}

@article{swanson1990semiautomated,
  title={A semiautomated method for measuring brain infarct volume},
  author={Swanson, Raymond A and Morton, Matthew T and Tsao-Wu, George and Savalos, Robert A and Davidson, Charisse and Sharp, Frank R},
  journal={Journal of Cerebral Blood Flow \& Metabolism},
  volume={10},
  number={2},
  pages={290--293},
  year={1990},
  publisher={SAGE Publications Sage UK: London, England}
}

@article{wood2013rbet,
  title={rBET: making BET work for rodent brains},
  author={Wood, Tobias C and Lythgoe, David J and Williams, Steven CR},
  journal={Proc. Intl. Soc. Mag. Reson. Med},
  volume={21},
  pages={2706},
  year={2013}
}

@article{li2017compactness,
  title={On the compactness, efficiency, and representation of 3D convolutional networks: brain parcellation as a pretext task},
  author={Li, Wenqi and Wang, Guotai and Fidon, Lucas and Ourselin, Sebastien and Cardoso, M Jorge and Vercauteren, Tom},
  journal={International conference on information processing in medical imaging},
  pages={348--360},
  year={2017},
  organization={Springer}
}

@article{chen2014semantic,
  title={Semantic image segmentation with deep convolutional nets and fully connected crfs},
  author={Chen, Liang-Chieh and Papandreou, George and Kokkinos, Iasonas and Murphy, Kevin and Yuille, Alan L},
  journal={arXiv preprint arXiv:1412.7062},
  year={2014}
}

@article{chen2018encoder,
  title={Encoder-decoder with atrous separable convolution for semantic image segmentation},
  author={Chen, Liang-Chieh and Zhu, Yukun and Papandreou, George and Schroff, Florian and Adam, Hartwig},
  journal={Proceedings of the European conference on computer vision (ECCV)},
  pages={801--818},
  year={2018}
}



@article{cui2018automatic,
  title={Automatic semantic segmentation of brain gliomas from MRI images using a deep cascaded neural network},
  author={Cui, Shaoguo and Mao, Lei and Jiang, Jingfeng and Liu, Chang and Xiong, Shuyu},
  journal={Journal of healthcare engineering},
  volume={2018},
  year={2018},
  publisher={Hindawi}
}

@article{gao2020ad,
  title={AD-NET: Age-adjust neural network for improved MCI to AD conversion prediction},
  author={Gao, Fei and Yoon, Hyunsoo and Xu, Yanzhe and Goradia, Dhruman and Luo, Ji and Wu, Teresa and Su, Yi and Alzheimer's Disease Neuroimaging Initiative and others},
  journal={NeuroImage: Clinical},
  pages={102290},
  year={2020},
  publisher={Elsevier}
}

@article{han2018deep,
  title={Deep learning with domain adaptation for accelerated projection-reconstruction MR},
  author={Han, Yoseob and Yoo, Jaejun and Kim, Hak Hee and Shin, Hee Jung and Sung, Kyunghyun and Ye, Jong Chul},
  journal={Magnetic resonance in medicine},
  volume={80},
  number={3},
  pages={1189--1205},
  year={2018},
  publisher={Wiley Online Library}
}

@article{amin2019new,
  title={A new approach for brain tumor segmentation and classification based on score level fusion using transfer learning},
  author={Amin, Javeria and Sharif, Muhammad and Yasmin, Mussarat and Saba, Tanzila and Anjum, Muhammad Almas and Fernandes, Steven Lawrence},
  journal={Journal of medical systems},
  volume={43},
  number={11},
  pages={326},
  year={2019},
  publisher={Springer}
}

@article{swati2019content,
  title={Content-based brain tumor retrieval for MR images using transfer learning},
  author={Swati, Zar Nawab Khan and Zhao, Qinghua and Kabir, Muhammad and Ali, Farman and Ali, Zakir and Ahmed, Saeed and Lu, Jianfeng},
  journal={IEEE Access},
  volume={7},
  pages={17809--17822},
  year={2019},
  publisher={IEEE}
}

@article{xu2017neonatal,
  title={From neonatal to adult brain MR image segmentation in a few seconds using 3D-like fully convolutional network and transfer learning},
  author={Xu, Yongchao and G{\'e}raud, Thierry and Bloch, Isabelle},
  journal={IEEE International Conference on Image Processing (ICIP)},
  pages={4417--4421},
  year={2017},
  organization={IEEE}
}

@article{eitel2019uncovering,
  title={Uncovering convolutional neural network decisions for diagnosing multiple sclerosis on conventional MRI using layer-wise relevance propagation},
  author={Eitel, Fabian and Soehler, Emily and Bellmann-Strobl, Judith and Brandt, Alexander U and Ruprecht, Klemens and Giess, Ren{\'e} M and Kuchling, Joseph and Asseyer, Susanna and Weygandt, Martin and Haynes, John-Dylan and others},
  journal={NeuroImage: Clinical},
  volume={24},
  pages={102003},
  year={2019},
  publisher={Elsevier}
}

@article{karimi2019reducing,
  title={Reducing the Hausdorff distance in medical image segmentation with convolutional neural networks},
  author={Karimi, Davood and Salcudean, Septimiu E},
  journal={IEEE transactions on medical imaging},
  year={2019},
  volume={39},
  number={2},
  pages={499--513},
  publisher={IEEE}
}

@article{sudre2017generalised,
  title={Generalised dice overlap as a deep learning loss function for highly unbalanced segmentations},
  author={Sudre, Carole H and Li, Wenqi and Vercauteren, Tom and Ourselin, Sebastien and Cardoso, M Jorge},
  journal={Deep learning in medical image analysis and multimodal learning for clinical decision support},
  pages={240--248},
  year={2017},
  publisher={Springer}
}

@article{wang2020focalmix,
  title={Focalmix: Semi-supervised learning for 3d medical image detection},
  author={Wang, Dong and Zhang, Yuan and Zhang, Kexin and Wang, Liwei},
  journal={Proceedings of the IEEE/CVF Conference on Computer Vision and Pattern Recognition},
  pages={3951--3960},
  year={2020}
}


@article{chen2019learning,
  title={Learning active contour models for medical image segmentation},
  author={Chen, Xu and Williams, Bryan M and Vallabhaneni, Srinivasa R and Czanner, Gabriela and Williams, Rachel and Zheng, Yalin},
  journal={Proceedings of the IEEE Conference on Computer Vision and Pattern Recognition},
  pages={11632--11640},
  year={2019}
}

@article{wang2022boundary,
  title={Boundary-aware context neural network for medical image segmentation},
  author={Wang, Ruxin and Chen, Shuyuan and Ji, Chaojie and Fan, Jianping and Li, Ye},
  journal={Medical Image Analysis},
  volume={78},
  pages={102395},
  year={2022},
  publisher={Elsevier}
}

@article{fan2022attention,
  title={Attention-modulated multi-branch convolutional neural networks for neonatal brain tissue segmentation},
  author={Fan, Xunli and Shan, Shixi and Li, Xianjun and Li, Jinhang and Mi, Jizong and Yang, Jian and Zhang, Yongqin},
  journal={Computers in Biology and Medicine},
  pages={105522},
  year={2022},
  publisher={Elsevier}
}


@article{zhang2019frnet,
  title={Frnet: Flattened residual network for infant MRI skull stripping},
  author={Zhang, Qian and Wang, Li and Zong, Xiaopeng and Lin, Weili and Li, Gang and Shen, Dinggang},
  journal={IEEE 16th International Symposium on Biomedical Imaging (ISBI 2019)},
  pages={999--1002},
  year={2019},
  organization={IEEE}
}


@article{isensee2019automated,
  title={Automated brain extraction of multisequence MRI using artificial neural networks},
  author={Isensee, Fabian and Schell, Marianne and Pflueger, Irada and Brugnara, Gianluca and Bonekamp, David and Neuberger, Ulf and Wick, Antje and Schlemmer, Heinz-Peter and Heiland, Sabine and Wick, Wolfgang and others},
  journal={Human brain mapping},
  volume={40},
  number={17},
  pages={4952--4964},
  year={2019},
  publisher={Wiley Online Library}
}


@article{hwang20193d,
  title={3D U-Net for skull stripping in brain MRI},
  author={Hwang, Hyunho and Rehman, Hafiz Zia Ur and Lee, Sungon},
  journal={Applied Sciences},
  volume={9},
  number={3},
  pages={569},
  year={2019},
  publisher={Multidisciplinary Digital Publishing Institute}
}


@article{rajchl2018neuronet,
  title={Neuronet: Fast and robust reproduction of multiple brain image segmentation pipelines},
  author={Rajchl, Martin and Pawlowski, Nick and Rueckert, Daniel and Matthews, Paul M and Glocker, Ben},
  journal={arXiv preprint arXiv:1806.04224},
  year={2018}
}

@article{kervadec2018boundary,
  title = 	 {Boundary loss for highly unbalanced segmentation},
  author =       {Kervadec, Hoel and Bouchtiba, Jihene and Desrosiers, Christian and Granger, Eric and Dolz, Jose and {Ben Ayed}, Ismail},
  journal = 	 {Proceedings of The 2nd International Conference on Medical Imaging with Deep Learning},
  pages = 	 {285--296},
  year = 	 {2019},
  volume = 	 {102},
  series = 	 {Proceedings of Machine Learning Research},
  month = 	 {08--10 Jul},
  publisher =    {PMLR},
}

@article{milletari2016v,
  title={V-net: Fully convolutional neural networks for volumetric medical image segmentation},
  author={Milletari, Fausto and Navab, Nassir and Ahmadi, Seyed-Ahmad},
  journal={Fourth International Conference on 3D Vision (3DV)},
  pages={565--571},
  year={2016},
  organization={IEEE}
}

@article{ladefoged2020ai,
  title={AI-driven attenuation correction for brain PET/MRI: Clinical evaluation of a dementia cohort and importance of the training group size},
  author={Ladefoged, Claes N{\o}hr and Hansen, Adam Espe and Henriksen, Otto M{\o}lby and Bruun, Frederik Jager and Eikenes, Live and {\O}en, Silje Kj{\ae}rnes and Karlberg, Anna and H{\o}jgaard, Liselotte and Law, Ian and Andersen, Flemming Littrup},
  journal={NeuroImage},
  volume={222},
  pages={117221},
  year={2020},
  publisher={Elsevier}
}

@article{dar2020transfer,
  title={A Transfer-Learning Approach for Accelerated MRI Using Deep Neural Networks},
  author={Dar, Salman Ul Hassan and {\"O}zbey, Muzaffer and {\c{C}}atl{\i}, Ahmet Burak and {\c{C}}ukur, Tolga},
  journal={Magnetic Resonance in Medicine},
  volume={84},
  number={2},
  pages={663--685},
  year={2020},
  publisher={Wiley Online Library}
}

@article{aderghal2018classification,
  title={Classification of Alzheimer disease on imaging modalities with deep CNNs using cross-modal transfer learning},
  author={Aderghal, Karim and Khvostikov, Alexander and Krylov, Andrei and Benois-Pineau, Jenny and Afdel, Karim and Catheline, Gwenaelle},
  journal={IEEE 31st International Symposium on Computer-Based Medical Systems (CBMS)},
  pages={345--350},
  year={2018},
  organization={IEEE}
}

@article{bashyam2020mri,
  title={MRI signatures of brain age and disease over the lifespan based on a deep brain network and 14 468 individuals worldwide},
  author={Bashyam, Vishnu M and Erus, Guray and Doshi, Jimit and Habes, Mohamad and Nasralah, Ilya and Truelove-Hill, Monica and Srinivasan, Dhivya and Mamourian, Liz and Pomponio, Raymond and Fan, Yong and others},
  journal={Brain},
  volume={143},
  number={7},
  pages={2312--2324},
  year={2020},
  publisher={Oxford University Press}
}

@article{xu2017white,
  title={White matter hyperintensities segmentation in a few seconds using fully convolutional network and transfer learning},
  author={Xu, Yongchao and G{\'e}raud, Thierry and Puybareau, {\'E}lodie and Bloch, Isabelle and Chazalon, Joseph},
  journal={International MICCAI Brainlesion Workshop},
  pages={501--514},
  year={2017},
  organization={Springer}
}

@article{han2017mr,
  title={MR-based synthetic CT generation using a deep convolutional neural network method},
  author={Han, Xiao},
  journal={Medical physics},
  volume={44},
  number={4},
  pages={1408--1419},
  year={2017},
  publisher={Wiley Online Library}
}

@article{deepak2020retrieval,
  title={Retrieval of brain MRI with tumor using contrastive loss based similarity on GoogLeNet encodings},
  author={Deepak, S and Ameer, PM},
  journal={Computers in Biology and Medicine},
  volume={125},
  pages={103993},
  year={2020},
  publisher={Elsevier}
}

@article{li2018novel,
  title={A novel transfer learning approach to enhance deep neural network classification of brain functional connectomes},
  author={Li, Hailong and Parikh, Nehal A and He, Lili},
  journal={Frontiers in neuroscience},
  volume={12},
  pages={491},
  year={2018},
  publisher={Frontiers}
}

@article{dongintegrating,
  title={Integrating Convolutional Neural Networks and Multi-Task Dictionary Learning for Cognitive Decline Prediction with Longitudinal Images},
  author={Dong, Qunxi and Zhang, Jie and Li, Qingyang and Wang, Junwen and Lepor{\'e}, Natasha and Thompson, Paul M and Caselli, Richard J and Ye, Jieping and Wang, Yalin and Alzheimer’s Disease Neuroimaging Initiative and others},
  journal={Journal of Alzheimer's Disease},
  number={Preprint},
  pages={1--22},
  publisher={IOS Press}
}

@article{alkassar2019automatic,
  title={Automatic Brain Tumour Segmentation using fully Convolution Network and Transfer Learning},
  author={Alkassar, Sinan and Abdullah, Mohammed AM and Jebur, Bilal A},
  journal={2nd International Conference on Electrical, Communication, Computer, Power and Control Engineering (ICECCPCE)},
  pages={188--192},
  year={2019},
  organization={IEEE}
}

@article{afridi2016cnn,
  title={L-CNN: exploiting labeling latency in a cnn learning framework},
  author={Afridi, Muhammad Jamal and Ross, Arun and Shapiro, Erik M},
  journal={23rd International Conference on Pattern Recognition (ICPR)},
  pages={2156--2161},
  year={2016},
  organization={IEEE}
}

@article{chen2020generalization2,
  title={Generalization of deep learning models for ultra-low-count amyloid PET/MRI using transfer learning},
  author={Chen, Kevin T and Sch{\"u}rer, Matti and Ouyang, Jiahong and Koran, Mary Ellen I and Davidzon, Guido and Mormino, Elizabeth and Tiepolt, Solveig and Hoffmann, Karl-Titus and Sabri, Osama and Zaharchuk, Greg and others},
  journal={European Journal of Nuclear Medicine and Molecular Imaging},
  pages={1--10},
  year={2020},
  publisher={Springer}
}

@article{mahmood2020whole,
  title={Whole MILC: generalizing learned dynamics across tasks, datasets, and populations},
  author={Mahmood, Usman and Rahman, Md Mahfuzur and Fedorov, Alex and Lewis, Noah and Fu, Zening and Calhoun, Vince D and Plis, Sergey M},
  journal={International Conference on Medical Image Computing and Computer-Assisted Intervention},
  pages={407--417},
  year={2020},
  organization={Springer}
}

@article{yang2018glioma,
  title={Glioma grading on conventional MR images: a deep learning study with transfer learning},
  author={Yang, Yang and Yan, Lin-Feng and Zhang, Xin and Han, Yu and Nan, Hai-Yan and Hu, Yu-Chuan and Hu, Bo and Yan, Song-Lin and Zhang, Jin and Cheng, Dong-Liang and others},
  journal={Frontiers in neuroscience},
  volume={12},
  pages={804},
  year={2018},
  publisher={Frontiers}
}

@article{Martyn2019UsingMR,
  title={Using Magnetic Resonance Imaging to Distinguish a Healthy Brain from a Bipolar Brain: A Transfer Learning Approach},
  author={Philip Martyn and G. McPhilemy and L. Nabulsi and Fiona Martyn and C. McDonald and D. Cannon and M. Schukat},
  journal={AICS},
  year={2019}
}

@article{pravitasari2020unet,
  title={UNet-VGG16 with transfer learning for MRI-based brain tumor segmentation},
  author={Pravitasari, Anindya Apriliyanti and Iriawan, Nur and Almuhayar, Mawanda and Azmi, Taufik and Fithriasari, Kartika and Purnami, Santi Wulan and Ferriastuti, Widiana and others},
  journal={Telkomnika},
  volume={18},
  number={3},
  pages={1310--1318},
  year={2020},
  publisher={Ahmad Dahlan University}
}

@article{tandel2020multiclass,
  title={Multiclass magnetic resonance imaging brain tumor classification using artificial intelligence paradigm},
  author={Tandel, Gopal S and Balestrieri, Antonella and Jujaray, Tanay and Khanna, Narender N and Saba, Luca and Suri, Jasjit S},
  journal={Computers in Biology and Medicine},
  pages={103804},
  year={2020},
  publisher={Elsevier}
}

@article{zhao2020gibbs,
  title={Gibbs-ringing artifact suppression with knowledge transfer from natural images to MR images},
  author={Zhao, Xiaole and Zhang, Huali and Zhou, Yuliang and Bian, Wei and Zhang, Tao and Zou, Xueming},
  journal={Multimedia Tools and Applications},
  volume={79},
  number={45},
  pages={33711--33733},
  year={2020},
  publisher={Springer}
}

@article{coupe2019assemblynet,
  title={AssemblyNet: A novel deep decision-making process for whole brain MRI segmentation},
  author={Coup{\'e}, Pierrick and Mansencal, Boris and Cl{\'e}ment, Micha{\"e}l and Giraud, R{\'e}mi and de Senneville, Baudouin Denis and Ta, Vinh-Thong and Lepetit, Vincent and Manjon, Jos{\'e} V},
  journal={International Conference on Medical Image Computing and Computer-Assisted Intervention},
  pages={466--474},
  year={2019},
  organization={Springer}
}

@article{zhou2019models,
  title={Models genesis: Generic autodidactic models for 3d medical image analysis},
  author={Zhou, Zongwei and Sodha, Vatsal and Siddiquee, Md Mahfuzur Rahman and Feng, Ruibin and Tajbakhsh, Nima and Gotway, Michael B and Liang, Jianming},
  journal={International Conference on Medical Image Computing and Computer-Assisted Intervention},
  pages={384--393},
  year={2019},
  organization={Springer}
}

@article{hermessi2018convolutional,
  title={Convolutional neural network-based multimodal image fusion via similarity learning in the shearlet domain},
  author={Hermessi, Haithem and Mourali, Olfa and Zagrouba, Ezzeddine},
  journal={Neural Computing and Applications},
  volume={30},
  number={7},
  pages={2029--2045},
  year={2018},
  publisher={Springer}
}

@article{tao2020revisiting,
  title={Revisiting Rubik’s cube: self-supervised learning with volume-wise transformation for 3D medical image segmentation},
  author={Tao, Xing and Li, Yuexiang and Zhou, Wenhui and Ma, Kai and Zheng, Yefeng},
  journal={International Conference on Medical Image Computing and Computer-Assisted Intervention},
  pages={238--248},
  year={2020},
  organization={Springer}
}

@article{liu2020joint,
  title={Joint Neuroimage Synthesis and Representation Learning for Conversion Prediction of Subjective Cognitive Decline},
  author={Liu, Yunbi and Pan, Yongsheng and Yang, Wei and Ning, Zhenyuan and Yue, Ling and Liu, Mingxia and Shen, Dinggang},
  journal={International Conference on Medical Image Computing and Computer-Assisted Intervention},
  pages={583--592},
  year={2020},
  organization={Springer}
}

@article{ataloglou2019fast,
  title={Fast and precise hippocampus segmentation through deep convolutional neural network ensembles and transfer learning},
  author={Ataloglou, Dimitrios and Dimou, Anastasios and Zarpalas, Dimitrios and Daras, Petros},
  journal={Neuroinformatics},
  volume={17},
  number={4},
  pages={563--582},
  year={2019},
  publisher={Springer}
}

@article{afridi2018automated,
  title={On automated source selection for transfer learning in convolutional neural networks},
  author={Afridi, Muhammad Jamal and Ross, Arun and Shapiro, Erik M},
  journal={Pattern recognition},
  volume={73},
  pages={65--75},
  year={2018},
  publisher={Elsevier}
}

@article{li2020augmented,
  title={Augmented Radiology: Patient-Wise Feature Transfer Model for Glioma Grading},
  author={Li, Zisheng and Ogino, Masahiro},
  journal={Domain Adaptation and Representation Transfer, and Distributed and Collaborative Learning},
  pages={23--30},
  year={2020},
  publisher={Springer}
}


@article{huang2012transfer,
  title={A transfer learning approach for network modeling},
  author={Huang, Shuai and Li, Jing and Chen, Kewei and Wu, Teresa and Ye, Jieping and Wu, Xia and Yao, Li},
  journal={IIE transactions},
  volume={44},
  number={11},
  pages={915--931},
  year={2012},
  publisher={Taylor \& Francis}
}

@article{hu2019accurate,
  title={Accurate patient-specific machine learning models of glioblastoma invasion using transfer learning},
  author={Hu, Leland S and Yoon, Hyunsoo and Eschbacher, Jennifer M and Baxter, Leslie C and Dueck, Amylou C and Nespodzany, Ashley and Smith, Kris A and Nakaji, Peter and Xu, Yanzhe and Wang, Lujia and others},
  journal={American Journal of Neuroradiology},
  volume={40},
  number={3},
  pages={418--425},
  year={2019},
  publisher={Am Soc Neuroradiology}
}

@article{kouw2019cross,
  title={A cross-center smoothness prior for variational Bayesian brain tissue segmentation},
  author={Kouw, Wouter M and {\O}rting, Silas N and Petersen, Jens and Pedersen, Kim S and de Bruijne, Marleen},
  journal={International Conference on Information Processing in Medical Imaging},
  pages={360--371},
  year={2019},
  organization={Springer}
}

@article{kuzina2019bayesian,
  title={Bayesian generative models for knowledge transfer in mri semantic segmentation problems},
  author={Kuzina, Anna and Egorov, Evgenii and Burnaev, Evgeny},
  journal={Frontiers in neuroscience},
  volume={13},
  pages={844},
  year={2019},
  publisher={Frontiers}
}

@article{wee2019cortical,
  title={Cortical graph neural network for AD and MCI diagnosis and transfer learning across populations},
  author={Wee, Chong-Yaw and Liu, Chaoqiang and Lee, Annie and Poh, Joann S and Ji, Hui and Qiu, Anqi and Alzheimers Disease Neuroimage Initiative and others},
  journal={NeuroImage: Clinical},
  volume={23},
  pages={101929},
  year={2019},
  publisher={Elsevier}
}

@article{fei2020projective,
  title={Projective parameter transfer based sparse multiple empirical kernel learning Machine for diagnosis of brain disease},
  author={Fei, Xiaoyan and Wang, Jun and Ying, Shihui and Hu, Zhongyi and Shi, Jun},
  journal={Neurocomputing},
  volume={413},
  pages={271--283},
  year={2020},
  publisher={Elsevier}
}

@article{zhou2019improving,
  title={Improving whole-brain neural decoding of fmri with domain adaptation},
  author={Zhou, Shuo and Cox, Christopher R and Lu, Haiping},
  journal={International Workshop on Machine Learning in Medical Imaging},
  pages={265--273},
  year={2019},
  organization={Springer}
}

@article{velioglu2017transfer,
  title={Transfer learning for brain decoding using deep architectures},
  author={Velioglu, Burak and Vural, Fatos T Yarman},
  journal={IEEE 16th International Conference on Cognitive Informatics \& Cognitive Computing (ICCI* CC)},
  pages={65--70},
  year={2017},
  organization={IEEE}
}

@article{li2019toward,
  title={Toward a Better Estimation of Functional Brain Network for Mild Cognitive Impairment Identification: A Transfer Learning View},
  author={Li, Weikai and Zhang, Limei and Qiao, Lishan and Shen, Dinggang},
  journal={IEEE Journal of Biomedical and Health Informatics},
  volume={24},
  number={4},
  pages={1160--1168},
  year={2019},
  publisher={IEEE}
}

@article{sato2018managing,
  title={Managing Computer-Assisted Detection System Based on Transfer Learning with Negative Transfer Inhibition},
  author={Sato, Issei and Nomura, Yukihiro and Hanaoka, Shouhei and Miki, Soichiro and Hayashi, Naoto and Abe, Osamu and Masutani, Yoshitaka},
  journal={Proceedings of the 24th ACM SIGKDD International Conference on Knowledge Discovery \& Data Mining},
  pages={695--704},
  year={2018}
}

@article{deng2009imagenet,
  title={Imagenet: A large-scale hierarchical image database},
  author={Deng, Jia and Dong, Wei and Socher, Richard and Li, Li-Jia and Li, Kai and Fei-Fei, Li},
  journal={IEEE conference on computer vision and pattern recognition},
  pages={248--255},
  year={2009},
  organization={Ieee}
}

@article{jonsson2019brain,
  title={Brain age prediction using deep learning uncovers associated sequence variants},
  author={J{\'o}nsson, Benedikt Atli and Bjornsdottir, Gyda and Thorgeirsson, TE and Ellingsen, Lotta Mar{\'\i}a and Walters, G Bragi and Gudbjartsson, DF and Stefansson, Hreinn and Stefansson, Kari and Ulfarsson, MO},
  journal={Nature communications},
  volume={10},
  number={1},
  pages={1--10},
  year={2019},
  publisher={Nature Publishing Group}
}

@article{ghafoorian2017transfer,
  title={Transfer learning for domain adaptation in mri: Application in brain lesion segmentation},
  author={Ghafoorian, Mohsen and Mehrtash, Alireza and Kapur, Tina and Karssemeijer, Nico and Marchiori, Elena and Pesteie, Mehran and Guttmann, Charles RG and de Leeuw, Frank-Erik and Tempany, Clare M and Van Ginneken, Bram and others},
  journal={International conference on medical image computing and computer-assisted intervention},
  pages={516--524},
  year={2017},
  organization={Springer}
}

@article{arnaud2018fully,
  title={Fully automatic lesion localization and characterization: Application to brain tumors using multiparametric quantitative MRI data},
  author={Arnaud, Alexis and Forbes, Florence and Coquery, Nicolas and Collomb, Nora and Lemasson, Benjamin and Barbier, Emmanuel L},
  journal={IEEE transactions on medical imaging},
  volume={37},
  number={7},
  pages={1678--1689},
  year={2018},
  publisher={IEEE}
}

@article{roy2019quicknat,
  title={QuickNAT: A fully convolutional network for quick and accurate segmentation of neuroanatomy},
  author={Roy, Abhijit Guha and Conjeti, Sailesh and Navab, Nassir and Wachinger, Christian and Alzheimer's Disease Neuroimaging Initiative and others},
  journal={NeuroImage},
  volume={186},
  pages={713--727},
  year={2019},
  publisher={Elsevier}
}

@article{goodfellow2013maxout,
  title={Maxout networks},
  author={Goodfellow, Ian and Warde-Farley, David and Mirza, Mehdi and Courville, Aaron and Bengio, Yoshua},
  journal={International conference on machine learning},
  pages={1319--1327},
  year={2013},
  organization={PMLR}
}


@article{henschel2020fastsurfer,
  title={Fastsurfer-a fast and accurate deep learning based neuroimaging pipeline},
  author={Henschel, Leonie and Conjeti, Sailesh and Estrada, Santiago and Diers, Kersten and Fischl, Bruce and Reuter, Martin},
  journal={NeuroImage},
  volume={219},
  pages={117012},
  year={2020},
  publisher={Elsevier}
}


@article{valverde2019one,
  title={One-shot domain adaptation in multiple sclerosis lesion segmentation using convolutional neural networks},
  author={Valverde, Sergi and Salem, Mostafa and Cabezas, Mariano and Pareto, Deborah and Vilanova, Joan C and Rami{\'o}-Torrent{\`a}, Llu{\'\i}s and Rovira, {\`A}lex and Salvi, Joaquim and Oliver, Arnau and Llad{\'o}, Xavier},
  journal={NeuroImage: Clinical},
  volume={21},
  pages={101638},
  year={2019},
  publisher={Elsevier}
}

@article{shirokikh2020first,
  title={First U-Net Layers Contain More Domain Specific Information Than The Last Ones},
  author={Shirokikh, Boris and Zakazov, Ivan and Chernyavskiy, Alexey and Fedulova, Irina and Belyaev, Mikhail},
  journal={Domain Adaptation and Representation Transfer, and Distributed and Collaborative Learning},
  pages={117--126},
  year={2020},
  publisher={Springer}
}

@article{gao2019decoding,
  title={Decoding Behavior Tasks From Brain Activity Using Deep Transfer Learning},
  author={Gao, Yufei and Zhang, Yameng and Wang, Hailing and Guo, Xiaojuan and Zhang, Jiacai},
  journal={IEEE Access},
  volume={7},
  pages={43222--43232},
  year={2019},
  publisher={IEEE}
}

@article{samani2019qc,
  title={QC-Automator: Deep learning-based automated quality control for diffusion mr images},
  author={Samani, Zahra Riahi and Alappatt, Jacob Antony and Parker, Drew and Ismail, Abdol Aziz Ould and Verma, Ragini},
  journal={Frontiers in Neuroscience},
  volume={13},
  year={2019},
  publisher={Frontiers Media SA}
}

@article{naser2020brain,
  title={Brain tumor segmentation and grading of lower-grade glioma using deep learning in MRI images},
  author={Naser, Mohamed A and Deen, M Jamal},
  journal={Computers in Biology and Medicine},
  pages={103758},
  year={2020},
  publisher={Elsevier}
}

@article{vakli2018transfer,
  title={Transfer learning improves resting-state functional connectivity pattern analysis using convolutional neural networks},
  author={Vakli, P{\'a}l and De{\'a}k-Meszl{\'e}nyi, Regina J and Hermann, Petra and Vidny{\'a}nszky, Zolt{\'a}n},
  journal={GigaScience},
  volume={7},
  number={12},
  pages={giy130},
  year={2018},
  publisher={Oxford University Press}
}

@article{jiang2019transfer,
  title={Transfer learning on T1-weighted images for brain age estimation},
  author={Jiang, Haitao and Guo, Jiajia and Du, Hongwei and Xu, Jinzhang and Qiu, Bensheng},
  journal={Mathematical biosciences and engineering: MBE},
  volume={16},
  number={5},
  pages={4382--4398},
  year={2019}
}

@article{kushibar2019supervised,
  title={Supervised domain adaptation for automatic sub-cortical brain structure segmentation with minimal user interaction},
  author={Kushibar, Kaisar and Valverde, Sergi and Gonz{\'a}lez-Vill{\`a}, Sandra and Bernal, Jose and Cabezas, Mariano and Oliver, Arnau and Llad{\'o}, Xavier},
  journal={Scientific reports},
  volume={9},
  number={1},
  pages={1--15},
  year={2019},
  publisher={Nature Publishing Group}
}

@article{kollia2019predicting,
  title={Predicting Parkinson’s disease using latent information extracted from deep neural networks},
  author={Kollia, Ilianna and Stafylopatis, Andreas-Georgios and Kollias, Stefanos},
  journal={2019 International Joint Conference on Neural Networks (IJCNN)},
  pages={1--8},
  year={2019},
  organization={IEEE}
}

@article{menikdiwela2018deep,
  title={Deep Learning on Brain Cortical Thickness Data for Disease Classification},
  author={Menikdiwela, Medhani and Nguyen, Chuong and Shaw, Marnie},
  journal={2018 Digital Image Computing: Techniques and Applications (DICTA)},
  pages={1--5},
  year={2018},
  organization={IEEE}
}

@article{kaur2019improving,
  title={Improving Pathological Structure Segmentation via Transfer Learning Across Diseases},
  author={Kaur, Barleen and Lema{\^\i}tre, Paul and Mehta, Raghav and Sepahvand, Nazanin Mohammadi and Precup, Doina and Arnold, Douglas and Arbel, Tal},
  journal={Domain Adaptation and Representation Transfer and Medical Image Learning with Less Labels and Imperfect Data},
  pages={90--98},
  year={2019},
  publisher={Springer}
}

@article{liu2016exploring,
  title={Exploring deep features from brain tumor magnetic resonance images via transfer learning},
  author={Liu, Renhao and Hall, Lawrence O and Goldgof, Dmitry B and Zhou, Mu and Gatenby, Robert A and Ahmed, Kaoutar B},
  journal={International Joint Conference on Neural Networks (IJCNN)},
  pages={235--242},
  year={2016},
  organization={IEEE}
}

@article{stawiaski2018pretrained,
  title={A pretrained densenet encoder for brain tumor segmentation},
  author={Stawiaski, Jean},
  journal={International MICCAI Brainlesion Workshop},
  pages={105--115},
  year={2018},
  organization={Springer}
}

@article{mahapatra2019training,
  title={Training data independent image registration with gans using transfer learning and segmentation information},
  author={Mahapatra, Dwarikanath and Ge, Zongyuan},
  journal={IEEE 16th International Symposium on Biomedical Imaging (ISBI 2019)},
  pages={709--713},
  year={2019},
  organization={IEEE}
}

@article{wang2019task,
  title={Task-oriented Deep Network for Ischemic Stroke Segmentation in Unenhanced CT Imaging},
  author={Wang, Lei and Li, Sui and Meng, Mingqiang and Chen, Gaofeng and Zhu, Manman and Bian, Zhaoying and Lyu, Qingwen and Zeng, Dong and Ma, Jianhua},
  journal={IEEE Nuclear Science Symposium and Medical Imaging Conference (NSS/MIC)},
  pages={1--3},
  year={2019},
  organization={IEEE}
}

@article{wang2017automatic,
  title={Automatic recognition of mild cognitive impairment from mri images using expedited convolutional neural networks},
  author={Wang, Shuqiang and Shen, Yanyan and Chen, Wei and Xiao, Tengfei and Hu, Jinxing},
  journal={International Conference on Artificial Neural Networks},
  pages={373--380},
  year={2017},
  organization={Springer}
}

@article{guy2020classification,
  title={Classification of Brain Tumor Leveraging Goal-Driven Visual Attention with the Support of Transfer Learning},
  author={Guy-Fernand, Kazihise Ntikurako and Zhao, JuanJuan and Sabuni, Fredy Malack and Wang, Jiawen},
  journal={Information Communication Technologies Conference (ICTC)},
  pages={328--332},
  year={2020},
  organization={IEEE}
}

@article{khan2019transfer,
  title={Transfer learning with intelligent training data selection for prediction of Alzheimer’s disease},
  author={Khan, Naimul Mefraz and Abraham, Nabila and Hon, Marcia},
  journal={IEEE Access},
  volume={7},
  pages={72726--72735},
  year={2019},
  publisher={IEEE}
}

@article{tufail2020multiclass,
  title={Multiclass classification of initial stages of Alzheimer's Disease through Neuroimaging modalities and Convolutional Neural Networks},
  author={Tufail, Ahsan Bin and Ma, Yongkui and Zhang, Qiu-Na},
  journal={IEEE 5th Information Technology and Mechatronics Engineering Conference (ITOEC)},
  pages={51--56},
  year={2020},
  organization={IEEE}
}

@article{castro2020automatic,
  title={Automatic assessment of Alzheimer’s disease diagnosis based on deep learning techniques},
  author={Castro, Alejandro Puente and Fernandez-Blanco, Enrique and Pazos, Alejandro and Munteanu, Cristian R},
  journal={Computers in Biology and Medicine},
  pages={103764},
  year={2020},
  publisher={Elsevier}
}

@article{attallah2020deep,
  title={Deep Learning Techniques for Automatic Detection of Embryonic Neurodevelopmental Disorders},
  author={Attallah, Omneya and Sharkas, Maha A and Gadelkarim, Heba},
  journal={Diagnostics},
  volume={10},
  number={1},
  pages={27},
  year={2020},
  publisher={Multidisciplinary Digital Publishing Institute}
}

@article{kang2020identifying,
  title={Identifying early mild cognitive impairment by multi-modality mri-based deep learning},
  author={Kang, Li and Jiang, Jingwan and Huang, Jianjun and Zhang, Tijiang},
  journal={Frontiers in aging neuroscience},
  volume={12},
  year={2020},
  publisher={Frontiers Media SA}
}

@article{van2014transfer,
  title={Transfer learning improves supervised image segmentation across imaging protocols},
  author={Van Opbroek, Annegreet and Ikram, M Arfan and Vernooij, Meike W and De Bruijne, Marleen},
  journal={IEEE transactions on medical imaging},
  volume={34},
  number={5},
  pages={1018--1030},
  year={2014},
  publisher={IEEE}
}

@article{thomas2019deep,
  title={Deep transfer learning for whole-brain FMRI analyses},
  author={Thomas, Armin W and M{\"u}ller, Klaus-Robert and Samek, Wojciech},
  journal={OR 2.0 Context-Aware Operating Theaters and Machine Learning in Clinical Neuroimaging},
  pages={59--67},
  year={2019},
  publisher={Springer}
}

@article{ebrahimi2019transfer,
  title={Transfer Learning for Alzheimer's Disease Detection on MRI Images},
  author={Ebrahimi-Ghahnavieh, Amir and Luo, Suhuai and Chiong, Raymond},
  journal={IEEE International Conference on Industry 4.0, Artificial Intelligence, and Communications Technology (IAICT)},
  pages={133--138},
  year={2019},
  organization={IEEE}
}

@article{zheng2019smart,
  title={A smart brain MR image completion method guided by synthetic-CT-based multimodal registration},
  author={Zheng, Jiamin and Xia, Kaijian and Zheng, Qiankun and Qian, Pengjiang},
  journal={Journal of Ambient Intelligence and Humanized Computing},
  pages={1--10},
  year={2019},
  publisher={Springer}
}

@article{bodapati2020brain,
  title={Brain tumor detection using deep features in the latent space},
  author={Bodapati, Jyostna Devi and Vijay, Annepu and Veeranjaneyulu, Naralasetti},
  journal={Journal homepage: http://iieta. org/journals/isi},
  volume={25},
  number={2},
  pages={259--265},
  year={2020}
}

@article{svanera2019transfer,
  title={Transfer learning of deep neural network representations for fMRI decoding},
  author={Svanera, Michele and Savardi, Mattia and Benini, Sergio and Signoroni, Alberto and Raz, Gal and Hendler, Talma and Muckli, Lars and Goebel, Rainer and Valente, Giancarlo},
  journal={Journal of neuroscience methods},
  volume={328},
  pages={108319},
  year={2019},
  publisher={Elsevier}
}

@article{van2018learning,
  title={Learning cross-modality representations from multi-modal images},
  author={van Tulder, Gijs and de Bruijne, Marleen},
  journal={IEEE transactions on medical imaging},
  volume={38},
  number={2},
  pages={638--648},
  year={2018},
  publisher={IEEE}
}

@article{ren2019transfer,
  title={Transfer Learning Models on Brain Age Prediction},
  author={Ren, Yanhao and Luo, Qiang and Gong, Weikang and Lu, Wenlian},
  journal={Proceedings of the Third International Symposium on Image Computing and Digital Medicine},
  pages={278--282},
  year={2019}
}

@article{han2020deep,
  title={Deep Transfer Learning and Radiomics Feature Prediction of Survival of Patients with High-Grade Gliomas},
  author={Han, W and Qin, L and Bay, C and Chen, X and Yu, K-H and Miskin, N and Li, A and Xu, X and Young, G},
  journal={American Journal of Neuroradiology},
  volume={41},
  number={1},
  pages={40--48},
  year={2020},
  publisher={Am Soc Neuroradiology}
}

@article{he2020self,
  title={Self domain adapted network},
  author={He, Yufan and Carass, Aaron and Zuo, Lianrui and Dewey, Blake E and Prince, Jerry L},
  journal={International Conference on Medical Image Computing and Computer-Assisted Intervention},
  pages={437--446},
  year={2020},
  organization={Springer}
}

@article{yang2020multi,
  title={Multi-Source Transfer Learning via Ensemble Approach for Initial Diagnosis of Alzheimer’s Disease},
  author={Yang, Yun and Li, Xinfa and Wang, Pei and Xia, Yuelong and Ye, Qiongwei},
  journal={IEEE Journal of Translational Engineering in Health and Medicine},
  volume={8},
  pages={1--10},
  year={2020},
  publisher={IEEE}
}

@article{simonyan2014very,
  title={Very deep convolutional networks for large-scale image recognition},
  author={Simonyan, Karen and Zisserman, Andrew},
  journal={arXiv preprint arXiv:1409.1556},
  year={2014}
}

@article{he2016deep,
  title={Deep residual learning for image recognition},
  author={He, Kaiming and Zhang, Xiangyu and Ren, Shaoqing and Sun, Jian},
  journal={Proceedings of the IEEE conference on computer vision and pattern recognition},
  pages={770--778},
  year={2016}
}

@article{szegedy2015going,
  title={Going deeper with convolutions},
  author={Szegedy, Christian and Liu, Wei and Jia, Yangqing and Sermanet, Pierre and Reed, Scott and Anguelov, Dragomir and Erhan, Dumitru and Vanhoucke, Vincent and Rabinovich, Andrew},
  journal={Proceedings of the IEEE conference on computer vision and pattern recognition},
  pages={1--9},
  year={2015}
}

@article{szegedy2016rethinking,
  title={Rethinking the inception architecture for computer vision},
  author={Szegedy, Christian and Vanhoucke, Vincent and Ioffe, Sergey and Shlens, Jon and Wojna, Zbigniew},
  journal={Proceedings of the IEEE conference on computer vision and pattern recognition},
  pages={2818--2826},
  year={2016}
}

@article{szegedy2017inception,
  title={Inception-v4, inception-resnet and the impact of residual connections on learning},
  author={Szegedy, Christian and Ioffe, Sergey and Vanhoucke, Vincent and Alemi, Alexander},
  journal={Proceedings of the AAAI Conference on Artificial Intelligence},
  volume={31},
  year={2017}
}

@article{van2018transfer,
  title={Transfer learning by feature-space transformation: A method for Hippocampus segmentation across scanners},
  author={van Opbroek, Annegreet and Achterberg, Hakim C and Vernooij, Meike W and Ikram, M Arfan and de Bruijne, Marleen and Alzheimer's Disease Neuroimaging Initiative and others},
  journal={Neuroimage: Clinical},
  volume={20},
  pages={466--475},
  year={2018},
  publisher={Elsevier}
}


@article{van2016representation,
  title={Representation learning for cross-modality classification},
  author={van Tulder, Gijs and de Bruijne, Marleen},
  journal={Medical Computer Vision and Bayesian and Graphical Models for Biomedical Imaging},
  pages={126--136},
  year={2016},
  publisher={Springer}
}

@article{gao2019decoding2,
  title={Decoding Brain States from fMRI Signals by using Unsupervised Domain Adaptation},
  author={Gao, Yufei and Zhang, Yameng and Cao, Zhiyuan and Guo, Xiaojuan and Zhang, Jiacai},
  journal={IEEE Journal of Biomedical and Health Informatics},
  year={2019},
  publisher={IEEE}
}

@article{zhang2020transport,
  title={Transport-Based Joint Distribution Alignment for Multi-site Autism Spectrum Disorder Diagnosis Using Resting-State fMRI},
  author={Zhang, Junyi and Wan, Peng and Zhang, Daoqiang},
  journal={International Conference on Medical Image Computing and Computer-Assisted Intervention},
  pages={444--453},
  year={2020},
  organization={Springer}
}

@article{cheng2017multi,
  title={Multi-domain transfer learning for early diagnosis of Alzheimer’s disease},
  author={Cheng, Bo and Liu, Mingxia and Shen, Dinggang and Li, Zuoyong and Zhang, Daoqiang and Alzheimer’s Disease Neuroimaging Initiative and others},
  journal={Neuroinformatics},
  volume={15},
  number={2},
  pages={115--132},
  year={2017},
  publisher={Springer}
}

@article{cheng2019robust,
  title={Robust multi-label transfer feature learning for early diagnosis of Alzheimer’s disease},
  author={Cheng, Bo and Liu, Mingxia and Zhang, Daoqiang and Shen, Dinggang and Alzheimer’s Disease Neuroimaging Initiative and others},
  journal={Brain imaging and behavior},
  volume={13},
  number={1},
  pages={138--153},
  year={2019},
  publisher={Springer}
}

@article{ackaouy2020unsupervised,
  title={Unsupervised domain adaptation with optimal transport in multi-site segmentation of multiple sclerosis lesions from MRI data},
  author={Ackaouy, Antoine and Courty, Nicolas and Vall{\'e}e, Emmanuel and Commowick, Olivier and Barillot, Christian and Galassi, Francesca},
  journal={Frontiers in computational neuroscience},
  volume={14},
  pages={19},
  year={2020},
  publisher={Frontiers}
}

@article{hofer2017simple,
  title={Simple domain adaptation for cross-dataset analyses of brain MRI data},
  author={Hofer, Christoph and Kwitt, Roland and H{\"o}ller, Yvonne and Trinka, Eugen and Uhl, Andreas},
  journal={IEEE 14th International Symposium on Biomedical Imaging (ISBI 2017)},
  pages={441--445},
  year={2017},
  organization={IEEE}
}

@article{cai2020generalizability,
  title={Generalizability of machine learning for classification of schizophrenia based on resting-state functional MRI data},
  author={Cai, Xin-Lu and Xie, Dong-Jie and Madsen, Kristoffer H and Wang, Yong-Ming and B{\"o}gemann, Sophie Alida and Cheung, Eric FC and M{\o}ller, Arne and Chan, Raymond CK},
  journal={Human Brain Mapping},
  volume={41},
  number={1},
  pages={172--184},
  year={2020},
  publisher={Wiley Online Library}
}

@article{guerrero2014manifold,
  title={Manifold alignment and transfer learning for classification of Alzheimer’s disease},
  author={Guerrero, Ricardo and Ledig, Christian and Rueckert, Daniel},
  journal={International Workshop on Machine Learning in Medical Imaging},
  pages={77--84},
  year={2014},
  organization={Springer}
}

@article{moradi2017predicting,
  title={Predicting symptom severity in autism spectrum disorder based on cortical thickness measures in agglomerative data},
  author={Moradi, Elaheh and Khundrakpam, Budhachandra and Lewis, John D and Evans, Alan C and Tohka, Jussi},
  journal={Neuroimage},
  volume={144},
  pages={128--141},
  year={2017},
  publisher={Elsevier}
}

@article{wang2019identifying,
  title={Identifying autism spectrum disorder with multi-site fMRI via low-rank domain adaptation},
  author={Wang, Mingliang and Zhang, Daoqiang and Huang, Jiashuang and Yap, Pew-Thian and Shen, Dinggang and Liu, Mingxia},
  journal={IEEE Transactions on Medical Imaging},
  volume={39},
  number={3},
  pages={644--655},
  year={2019},
  publisher={IEEE}
}

@article{huang2020conditional,
  title={Conditional Domain Adversarial Transfer for Robust Cross-Site ADHD Classification Using Functional MRI},
  author={Huang, Ya-Lin and Hsieh, Wan-Ting and Yang, Hao-Chun and Lee, Chi-Chun},
  journal={IEEE International Conference on Acoustics, Speech and Signal Processing (ICASSP)},
  pages={1190--1194},
  year={2020},
  organization={IEEE}
}

@article{zhang2019unsupervised,
  title={Unsupervised Conditional Consensus Adversarial Network for Brain Disease Identification with Structural MRI},
  author={Zhang, Jing and Liu, Mingxia and Pan, Yongsheng and Shen, Dinggang},
  journal={International Workshop on Machine Learning in Medical Imaging},
  pages={391--399},
  year={2019},
  organization={Springer}
}

@article{shen2019brain,
  title={Brain tumor segmentation on MRI with missing modalities},
  author={Shen, Yan and Gao, Mingchen},
  journal={International Conference on Information Processing in Medical Imaging},
  pages={417--428},
  year={2019},
  organization={Springer}
}

@article{robinson2020image,
  title={Image-level Harmonization of Multi-Site Data using Image-and-Spatial Transformer Networks},
  author={Robinson, Robert and Dou, Qi and de Castro, Daniel Coelho and Kamnitsas, Konstantinos and de Groot, Marius and Summers, Ronald M and Rueckert, Daniel and Glocker, Ben},
  journal={International Conference on Medical Image Computing and Computer-Assisted Intervention},
  pages={710--719},
  year={2020},
  organization={Springer}
}

@article{guan2020attention,
  title={Attention-Guided Deep Domain Adaptation for Brain Dementia Identification with Multi-site Neuroimaging Data},
  author={Guan, Hao and Yang, Erkun and Yap, Pew-Thian and Shen, Dinggang and Liu, Mingxia},
  journal={Domain Adaptation and Representation Transfer, and Distributed and Collaborative Learning},
  pages={31--40},
  year={2020},
  publisher={Springer}
}

@article{mahapatra2020training,
  title={Training data independent image registration using generative adversarial networks and domain adaptation},
  author={Mahapatra, Dwarikanath and Ge, Zongyuan},
  journal={Pattern Recognition},
  volume={100},
  pages={107109},
  year={2020},
  publisher={Elsevier}
}

@article{li2020multi,
  title={Multi-site fmri analysis using privacy-preserving federated learning and domain adaptation: Abide results},
  author={Li, Xiaoxiao and Gu, Yufeng and Dvornek, Nicha and Staib, Lawrence and Ventola, Pamela and Duncan, James S},
  journal={arXiv preprint arXiv:2001.05647},
  year={2020}
}

@article{he2020momentum,
  title={Momentum contrast for unsupervised visual representation learning},
  author={He, Kaiming and Fan, Haoqi and Wu, Yuxin and Xie, Saining and Girshick, Ross},
  journal={Proceedings of the IEEE/CVF conference on computer vision and pattern recognition},
  pages={9729--9738},
  year={2020}
}


@article{orbes2019multi,
  title={Multi-domain adaptation in brain MRI through paired consistency and adversarial learning},
  author={Orbes-Arteaga, Mauricio and Varsavsky, Thomas and Sudre, Carole H and Eaton-Rosen, Zach and Haddow, Lewis J and S{\o}rensen, Lauge and Nielsen, Mads and Pai, Akshay and Ourselin, S{\'e}bastien and Modat, Marc and others},
  journal={Domain Adaptation and Representation Transfer and Medical Image Learning with Less Labels and Imperfect Data},
  pages={54--62},
  year={2019},
  publisher={Springer}
}

@article{kamnitsas2017unsupervised,
  title={Unsupervised domain adaptation in brain lesion segmentation with adversarial networks},
  author={Kamnitsas, Konstantinos and Baumgartner, Christian and Ledig, Christian and Newcombe, Virginia and Simpson, Joanna and Kane, Andrew and Menon, David and Nori, Aditya and Criminisi, Antonio and Rueckert, Daniel and others},
  journal={International conference on information processing in medical imaging},
  pages={597--609},
  year={2017},
  organization={Springer}
}


@article{varsavsky2020test,
  title={Test-time unsupervised domain adaptation},
  author={Varsavsky, Thomas and Orbes-Arteaga, Mauricio and Sudre, Carole H and Graham, Mark S and Nachev, Parashkev and Cardoso, M Jorge},
  journal={International Conference on Medical Image Computing and Computer-Assisted Intervention},
  pages={428--436},
  year={2020},
  organization={Springer}
}

@article{shanis2019intramodality,
  title={Intramodality Domain Adaptation Using Self Ensembling and Adversarial Training},
  author={Shanis, Zahil and Gerber, Samuel and Gao, Mingchen and Enquobahrie, Andinet},
  journal={Domain Adaptation and Representation Transfer and Medical Image Learning with Less Labels and Imperfect Data},
  pages={28--36},
  year={2019},
  publisher={Springer}
}

@article{orbes2019knowledge,
  title={Knowledge distillation for semi-supervised domain adaptation},
  author={Orbes-Arteainst, Mauricio and Cardoso, Jorge and S{\o}rensen, Lauge and Igel, Christian and Ourselin, Sebastien and Modat, Marc and Nielsen, Mads and Pai, Akshay},
  journal={OR 2.0 Context-Aware Operating Theaters and Machine Learning in Clinical Neuroimaging},
  pages={68--76},
  year={2019},
  publisher={Springer}
}


@article{zhou2018feature,
  title={Feature selection and transfer learning for Alzheimer’s disease clinical diagnosis},
  author={Zhou, Ke and He, Wenguang and Xu, Yonghui and Xiong, Gangqiang and Cai, Jie},
  journal={Applied Sciences},
  volume={8},
  number={8},
  pages={1372},
  year={2018},
  publisher={Multidisciplinary Digital Publishing Institute}
}


@article{wachinger2016domain,
  title={Domain adaptation for Alzheimer's disease diagnostics},
  author={Wachinger, Christian and Reuter, Martin and Alzheimer's Disease Neuroimaging Initiative and others},
  journal={Neuroimage},
  volume={139},
  pages={470--479},
  year={2016},
  publisher={Elsevier}
}



@article{chen1991medical,
  title={Medical image segmentation by a constraint satisfaction neural network},
  author={Chen, C-T and Tsao, EC-K and Lin, W-C},
  journal={IEEE Transactions on Nuclear Science},
  volume={38},
  number={2},
  pages={678--686},
  year={1991},
  publisher={IEEE}
}


@article{amartur1992optimization,
  title={Optimization neural networks for the segmentation of magnetic resonance images},
  author={Amartur, Sundar C and Piraino, David and Takefuji, Yoshiyasu},
  journal={IEEE Transactions on Medical Imaging},
  volume={11},
  number={2},
  pages={215--220},
  year={1992},
  publisher={IEEE}
}


@article{frederick1990neural,
  title={Neural network segmentation of magnetic resonance images},
  author={Frederick, Blaise},
  journal={Medical Imaging IV: Image Processing},
  volume={1233},
  pages={138--148},
  year={1990},
  organization={International Society for Optics and Photonics}
}

@article{oshio1992neural,
  title={Neural network approach to segmentation of magnetic resonance head images},
  author={Oshio, Koichi and Singh, Manbir},
  journal={International Journal of Imaging Systems and Technology},
  volume={4},
  number={2},
  pages={130--134},
  year={1992},
  publisher={Wiley Online Library}
}


@article{schellenberg1990application,
  title={Application of artificial neural networks for tissue classification from multispectral magnetic resonance images of the head},
  author={Schellenberg, John D and Naylor, William C and Clarke, Laurence P},
  journal={Third Annual IEEE Symposium on Computer-Based Medical Systems},
  pages={350--357},
  year={1990},
  organization={IEEE}
}

@article{geremia2011spatial,
  title={Spatial decision forests for MS lesion segmentation in multi-channel magnetic resonance images},
  author={Geremia, Ezequiel and Clatz, Olivier and Menze, Bjoern H and Konukoglu, Ender and Criminisi, Antonio and Ayache, Nicholas},
  journal={NeuroImage},
  volume={57},
  number={2},
  pages={378--390},
  year={2011},
  publisher={Elsevier}
}


@article{tu2008brain,
  title={Brain anatomical structure segmentation by hybrid discriminative/generative models},
  author={Tu, Zhuowen and Narr, Katherine L and Doll{\'a}r, Piotr and Dinov, Ivo and Thompson, Paul M and Toga, Arthur W},
  journal={IEEE transactions on medical imaging},
  volume={27},
  number={4},
  pages={495--508},
  year={2008},
  publisher={IEEE}
}


@article{yi2009discriminative,
  title={Discriminative, semantic segmentation of brain tissue in MR images},
  author={Yi, Zhao and Criminisi, Antonio and Shotton, Jamie and Blake, Andrew},
  journal={International conference on medical image computing and computer-assisted intervention},
  pages={558--565},
  year={2009},
  organization={Springer}
}


@article{goldstein2011random,
  title={Random forests for genetic association studies},
  author={Goldstein, Benjamin A and Polley, Eric C and Briggs, Farren BS},
  journal={Statistical applications in genetics and molecular biology},
  volume={10},
  number={1},
  year={2011},
  publisher={De Gruyter}
}

@article{unpooling,
  title={Learning deconvolution network for semantic segmentation},
  author={Noh, Hyeonwoo and Hong, Seunghoon and Han, Bohyung},
  journal={Proceedings of the IEEE international conference on computer vision},
  pages={1520--1528},
  year={2015}
}

@article{moher2009preferred,
  title={Preferred reporting items for systematic reviews and meta-analyses: the PRISMA statement},
  author={Moher, David and Liberati, Alessandro and Tetzlaff, Jennifer and Altman, Douglas G and Prisma Group and others},
  journal={PLoS med},
  volume={6},
  number={7},
  pages={e1000097},
  year={2009},
  publisher={Public Library of Science}
}

@article{abdar2021review,
  title={A review of uncertainty quantification in deep learning: Techniques, applications and challenges},
  author={Abdar, Moloud and Pourpanah, Farhad and Hussain, Sadiq and Rezazadegan, Dana and Liu, Li and Ghavamzadeh, Mohammad and Fieguth, Paul and Cao, Xiaochun and Khosravi, Abbas and Acharya, U Rajendra and others},
  journal={Information Fusion},
  volume={76},
  pages={243--297},
  year={2021},
  publisher={Elsevier}
}


@article{day2017survey,
  title={A survey on heterogeneous transfer learning},
  author={Day, Oscar and Khoshgoftaar, Taghi M},
  journal={Journal of Big Data},
  volume={4},
  number={1},
  pages={29},
  year={2017},
  publisher={Springer}
}

@article{de2021automated,
  title={Automated joint skull-stripping and segmentation with Multi-Task U-Net in large mouse brain MRI databases},
  author={De Feo, Riccardo and Shatillo, Artem and Sierra, Alejandra and Valverde, Juan Miguel and Gr{\"o}hn, Olli and Giove, Federico and Tohka, Jussi},
  journal={NeuroImage},
  pages={117734},
  year={2021},
  publisher={Elsevier}
}

@article{isensee2017automatic,
  title={Automatic cardiac disease assessment on cine-MRI via time-series segmentation and domain specific features},
  author={Isensee, Fabian and Jaeger, Paul F and Full, Peter M and Wolf, Ivo and Engelhardt, Sandy and Maier-Hein, Klaus H},
  journal={International workshop on statistical atlases and computational models of the heart},
  pages={120--129},
  year={2017},
  organization={Springer}
}

@article{subbanna2019stroke,
  title={Stroke lesion segmentation in FLAIR MRI datasets using customized Markov random fields},
  author={Subbanna, Nagesh K and Rajashekar, Deepthi and Cheng, Bastian and Thomalla, G{\"o}tz and Fiehler, Jens and Arbel, Tal and Forkert, Nils D},
  journal={Frontiers in neurology},
  volume={10},
  pages={541},
  year={2019},
  publisher={Frontiers}
}

@article{liang2018multimodal,
  title={Multimodal 3D DenseNet for IDH genotype prediction in gliomas},
  author={Liang, Sen and Zhang, Rongguo and Liang, Dayang and Song, Tianci and Ai, Tao and Xia, Chen and Xia, Liming and Wang, Yan},
  journal={Genes},
  volume={9},
  number={8},
  pages={382},
  year={2018},
  publisher={Multidisciplinary Digital Publishing Institute}
}


@article{valverde2017improving,
  title={Improving automated multiple sclerosis lesion segmentation with a cascaded 3D convolutional neural network approach},
  author={Valverde, Sergi and Cabezas, Mariano and Roura, Eloy and Gonz{\'a}lez-Vill{\`a}, Sandra and Pareto, Deborah and Vilanova, Joan C and Rami{\'o}-Torrent{\`a}, Llu{\'\i}s and Rovira, {\`A}lex and Oliver, Arnau and Llad{\'o}, Xavier},
  journal={NeuroImage},
  volume={155},
  pages={159--168},
  year={2017},
  publisher={Elsevier}
}


@article{chen2017fully,
  title={Fully automatic acute ischemic lesion segmentation in DWI using convolutional neural networks},
  author={Chen, Liang and Bentley, Paul and Rueckert, Daniel},
  journal={NeuroImage: Clinical},
  volume={15},
  pages={633--643},
  year={2017},
  publisher={Elsevier}
}

@article{jiang2019two,
  title={Two-Stage Cascaded U-Net: 1st Place Solution to BraTS Challenge 2019 Segmentation Task},
  author={Jiang, Zeyu and Ding, Changxing and Liu, Minfeng and Tao, Dacheng},
  journal={International MICCAI Brainlesion Workshop},
  pages={231--241},
  year={2019},
  organization={Springer}
}

@article{myronenko2019robust,
  title={Robust semantic segmentation of brain tumor regions from 3d mris},
  author={Myronenko, Andriy and Hatamizadeh, Ali},
  journal={International MICCAI Brainlesion Workshop},
  pages={82--89},
  year={2019},
  organization={Springer}
}

@article{valverde2019automatic,
  title={Automatic Rodent Brain MRI Lesion Segmentation with Fully Convolutional Networks},
  author={Valverde, Juan Miguel and Shatillo, Artem and De Feo, Riccardo and Gr{\"o}hn, Olli and Sierra, Alejandra and Tohka, Jussi},
  journal={International Workshop on Machine Learning in Medical Imaging},
  pages={195--202},
  year={2019},
  organization={Springer}
}

@article{Meyes2019AblationSI,
  title={Ablation Studies in Artificial Neural Networks},
  author={Richard Meyes and Melanie Lu and Constantin Waubert de Puiseau and Tobias Meisen},
  journal={ArXiv},
  year={2019},
  volume={abs/1901.08644}
}

@article{bribiesca2008543,
  title={An easy measure of compactness for 2D and 3D shapes},
  author={Bribiesca, Ernesto},
  journal={Pattern Recognition},
  volume={41},
  number={2},
  pages={543--554},
  year={2008},
  publisher={Elsevier}
}

@article{nikolov2021clinically,
  title={Clinically applicable segmentation of head and neck anatomy for radiotherapy: deep learning algorithm development and validation study},
  author={Nikolov, Stanislav and Blackwell, Sam and Zverovitch, Alexei and Mendes, Ruheena and Livne, Michelle and De Fauw, Jeffrey and Patel, Yojan and Meyer, Clemens and Askham, Harry and Romera-Paredes, Bernadino and others},
  journal={Journal of Medical Internet Research},
  volume={23},
  number={7},
  pages={e26151},
  year={2021},
  publisher={JMIR Publications Inc., Toronto, Canada}
}

@article{ma2019solution,
  title={Solution to the kidney tumor segmentation challenge 2019},
  author={Ma, Jun},
  year={2019},
  publisher={University of Minnesota Libraries Publishing}
}



@article{taha2015metrics,
  title={Metrics for evaluating 3D medical image segmentation: analysis, selection, and tool},
  author={Taha, Abdel Aziz and Hanbury, Allan},
  journal={BMC medical imaging},
  volume={15},
  number={1},
  pages={1--28},
  year={2015},
  publisher={BioMed Central}
}



@article{3dunet,
  title={3D U-Net: learning dense volumetric segmentation from sparse annotation},
  author={{\c{C}}i{\c{c}}ek, {\"O}zg{\"u}n and Abdulkadir, Ahmed and Lienkamp, Soeren S and Brox, Thomas and Ronneberger, Olaf},
  journal={International conference on medical image computing and computer-assisted intervention},
  pages={424--432},
  year={2016},
  organization={Springer}
}

@article{rote1991computing,
  title={Computing the minimum Hausdorff distance between two point sets on a line under translation},
  author={Rote, G{\"u}nter},
  journal={Information Processing Letters},
  volume={38},
  number={3},
  pages={123--127},
  year={1991},
  publisher={Elsevier}
}

@article{akselrod2009automatic,
  title={Automatic segmentation and classification of multiple sclerosis in multichannel MRI},
  author={Akselrod-Ballin, Ayelet and Galun, Meirav and Gomori, John Moshe and Filippi, Massimo and Valsasina, Paola and Basri, Ronen and Brandt, Achi},
  journal={IEEE transactions on biomedical engineering},
  volume={56},
  number={10},
  pages={2461--2469},
  year={2009},
  publisher={IEEE}
}

@article{dice1945measures,
  title={Measures of the amount of ecologic association between species},
  author={Dice, Lee R},
  journal={Ecology},
  volume={26},
  number={3},
  pages={297--302},
  year={1945},
  publisher={Wiley Online Library}
}

@article{karimi2020deep,
  title={Deep learning with noisy labels: Exploring techniques and remedies in medical image analysis},
  author={Karimi, Davood and Dou, Haoran and Warfield, Simon K and Gholipour, Ali},
  journal={Medical Image Analysis},
  volume={65},
  pages={101759},
  year={2020},
  publisher={Elsevier}
}


@article{sudre2019let,
  title={Let’s agree to disagree: Learning highly debatable multirater labelling},
  author={Sudre, Carole H and Anson, Beatriz Gomez and Ingala, Silvia and Lane, Chris D and Jimenez, Daniel and Haider, Lukas and Varsavsky, Thomas and Tanno, Ryutaro and Smith, Lorna and Ourselin, S{\'e}bastien and others},
  journal={International Conference on Medical Image Computing and Computer-Assisted Intervention},
  pages={665--673},
  year={2019},
  organization={Springer}
}


@article{koizumimodel,
  title={Experimental studies of ischemic brain edema. 1. A new experimental model of cerebral embolism in rats in which recirculation can be introduced in the ischemic area},
  author={Koizumi, J. and Yoshida, Y. and Nakazawa, T. and Ooneda, G.},
  journal={Jpn J stroke},
  volume={8},
  pages={1--8},
  year={1986}
}

@article{mulder2017automated,
  title={Automated ischemic lesion segmentation in MRI mouse brain data after transient middle cerebral artery occlusion},
  author={Mulder, Inge A and Khmelinskii, Artem and Dzyubachyk, Oleh and de Jong, Sebastiaan and Rieff, Nathalie and Wermer, Marieke JH and Hoehn, Mathias and Lelieveldt, Boudewijn PF and van den Maagdenberg, Arn MJM},
  journal={Frontiers in neuroinformatics},
  volume={11},
  pages={3},
  year={2017},
  publisher={Frontiers}
}

@article{casamitjana20163d,
  title={3d convolutional networks for brain tumor segmentation},
  author={Casamitjana, Adri{\`a} and Puch, Santi and Aduriz, Asier and Sayrol, Elisa and Vilaplana, Ver{\'o}nica},
  journal={Proceedings of the MICCAI Challenge on Multimodal Brain Tumor Image Segmentation (BRATS)},
  pages={65--68},
  year={2016}
}


@article{ghafoorian2016non,
  title={Non-uniform patch sampling with deep convolutional neural networks for white matter hyperintensity segmentation},
  author={Ghafoorian, Mohsen and Karssemeijer, Nico and Heskes, Tom and Van Uder, IWM and de Leeuw, Frank-Erik and Marchiori, Elena and van Ginneken, Bram and Platel, Bram},
  journal={IEEE 13th International Symposium on Biomedical Imaging (ISBI)},
  pages={1414--1417},
  year={2016},
  organization={IEEE}
}


@article{milletari2017hough,
  title={Hough-CNN: deep learning for segmentation of deep brain regions in MRI and ultrasound},
  author={Milletari, Fausto and Ahmadi, Seyed-Ahmad and Kroll, Christine and Plate, Annika and Rozanski, Verena and Maiostre, Juliana and Levin, Johannes and Dietrich, Olaf and Ertl-Wagner, Birgit and B{\"o}tzel, Kai and others},
  journal={Computer Vision and Image Understanding},
  volume={164},
  pages={92--102},
  year={2017},
  publisher={Elsevier}
}


@article{rachmadi2018segmentation,
  title={Segmentation of white matter hyperintensities using convolutional neural networks with global spatial information in routine clinical brain MRI with none or mild vascular pathology},
  author={Rachmadi, Muhammad Febrian and Valdes-Hernandez, Maria del C and Agan, Maria Leonora Fatimah and Di Perri, Carol and Komura, Taku and Alzheimer's Disease Neuroimaging Initiative and others},
  journal={Computerized Medical Imaging and Graphics},
  volume={66},
  pages={28--43},
  year={2018},
  publisher={Elsevier}
}


@article{wachinger2018deepnat,
  title={DeepNAT: Deep convolutional neural network for segmenting neuroanatomy},
  author={Wachinger, Christian and Reuter, Martin and Klein, Tassilo},
  journal={NeuroImage},
  volume={170},
  pages={434--445},
  year={2018},
  publisher={Elsevier}
}


@article{fritscher2016deep,
  title={Deep neural networks for fast segmentation of 3D medical images},
  author={Fritscher, Karl and Raudaschl, Patrik and Zaffino, Paolo and Spadea, Maria Francesca and Sharp, Gregory C and Schubert, Rainer},
  journal={International Conference on Medical Image Computing and Computer-Assisted Intervention},
  pages={158--165},
  year={2016},
  organization={Springer}
}


@article{de2015deep,
  title={Deep neural networks for anatomical brain segmentation},
  author={de Brebisson, Alexander and Montana, Giovanni},
  journal={Proceedings of the IEEE conference on computer vision and pattern recognition workshops},
  pages={20--28},
  year={2015}
}


@article{breiman2001random,
  title={Random forests},
  author={Breiman, Leo},
  journal={Machine learning},
  volume={45},
  number={1},
  pages={5--32},
  year={2001},
  publisher={Springer}
}

@book{Breiman1984ClassificationAR,
  title={Classification and Regression Trees},
  author={L. Breiman and J. Friedman and R. Olshen and C. J. Stone},
  year={1984},
  publisher={Routledge}
}


@article{freund1997decision,
  title={A decision-theoretic generalization of on-line learning and an application to boosting},
  author={Freund, Yoav and Schapire, Robert E},
  journal={Journal of computer and system sciences},
  volume={55},
  number={1},
  pages={119--139},
  year={1997},
  publisher={Elsevier}
}


@article{morra2009comparison,
  title={Comparison of AdaBoost and support vector machines for detecting Alzheimer's disease through automated hippocampal segmentation},
  author={Morra, Jonathan H and Tu, Zhuowen and Apostolova, Liana G and Green, Amity E and Toga, Arthur W and Thompson, Paul M},
  journal={IEEE transactions on medical imaging},
  volume={29},
  number={1},
  pages={30--43},
  year={2009},
  publisher={IEEE}
}


@article{lao2006automated,
  title={Automated segmentation of white matter lesions in 3D brain MR images, using multivariate pattern classification},
  author={Lao, Zhiqiang and Shen, Dinggang and Jawad, Abbas and Karacali, Bilge and Liu, Dengfeng and Melhem, Elias R and Bryan, R Nick and Davatzikos, Christos},
  journal={3rd IEEE International Symposium on Biomedical Imaging: Nano to Macro, 2006.},
  pages={307--310},
  year={2006},
  organization={IEEE}
}


@article{garcia2004kernel,
  title={Kernel based method for segmentation and modeling of magnetic resonance images},
  author={Garc{\'\i}a, Cristina and Moreno, Jos{\'e} Al{\'\i}},
  journal={Ibero-American Conference on Artificial Intelligence},
  pages={636--645},
  year={2004},
  organization={Springer}
}


@article{ferrari2003segmentation,
  title={Segmentation of multiple sclerosis lesions using support vector machines},
  author={Ferrari, Ricardo Jos{\'e} and Wei, Xingchang and Zhang, Yunyan and Scott, James N and Mitchell, J Ross},
  journal={Medical Imaging 2003: Image Processing},
  volume={5032},
  pages={16--26},
  year={2003},
  organization={International Society for Optics and Photonics}
}


@article{muller2001introduction,
  title={An introduction to kernel-based learning algorithms},
  author={Muller, K-R and Mika, Sebastian and Ratsch, Gunnar and Tsuda, Koji and Scholkopf, Bernhard},
  journal={IEEE transactions on neural networks},
  volume={12},
  number={2},
  pages={181--201},
  year={2001},
  publisher={IEEE}
}


@article{cortes1995support,
  title={Support-vector networks},
  author={Cortes, Corinna and Vapnik, Vladimir},
  journal={Machine learning},
  volume={20},
  number={3},
  pages={273--297},
  year={1995},
  publisher={Springer}
}


@article{yan1994magnetic,
  title={Magnetic resonance image segmentation using optimized nearest neighbor classifiers},
  author={Yan, Hong and Mao, Jingtong and Zhu, Yan and Chen, Benjamin},
  journal={Proceedings of 1st International Conference on Image Processing},
  volume={3},
  pages={49--52},
  year={1994},
  organization={IEEE}
}


@article{cline19913d,
  title={3D surface rendered MR images of the brain and its vasculature.},
  author={Cline, Harvey E and Lorensen, William E and Souza, Steven P and Jolesz, Ferenc A and Kikinis, Ron and Gerig, Guido and Kennedy, Thomas E},
  journal={Journal of Computer Assisted Tomography},
  volume={15},
  number={2},
  pages={344--351},
  year={1991}
}


@article{bezdek1993review,
  title={Review of MR image segmentation techniques using pattern recognition},
  author={Bezdek, James C and Hall, LO and Clarke, L\_P},
  journal={Medical physics},
  volume={20},
  number={4},
  pages={1033--1048},
  year={1993},
  publisher={Wiley Online Library}
}


@article{mehta1997comparison,
  title={Comparison of image processing techniques (magnetic resonance imaging, computed tomography scan and ultrasound) for 3D modeling and analysis of the human bones},
  author={Mehta, Bhavin V and Rajani, Sailesh and Sinha, Guatam},
  journal={Journal of digital imaging},
  volume={10},
  number={1},
  pages={203--206},
  year={1997},
  publisher={Springer}
}

@article{clarke1993mri,
  title={MRI: stability of three supervised segmentation techniques},
  author={Clarke, LP and Velthuizen, RP and Phuphanich, S and Schellenberg, JD and Arrington, JA and Silbiger, MMRI},
  journal={Magnetic resonance imaging},
  volume={11},
  number={1},
  pages={95--106},
  year={1993},
  publisher={Elsevier}
}


@article{sadananthan2010skull,
  title={Skull stripping using graph cuts},
  author={Sadananthan, Suresh A and Zheng, Weili and Chee, Michael WL and Zagorodnov, Vitali},
  journal={NeuroImage},
  volume={49},
  number={1},
  pages={225--239},
  year={2010},
  publisher={Elsevier}
}

@article{de2004multi,
  title={Multi-subject registration for unbiased statistical atlas construction},
  author={De Craene, Mathieu and du Bois d’Aische, Aloys and Macq, Beno{\^\i}t and Warfield, Simon K},
  journal={International Conference on Medical Image Computing and Computer-Assisted Intervention},
  pages={655--662},
  year={2004},
  organization={Springer}
}


@article{cabezas2011review,
  title={A review of atlas-based segmentation for magnetic resonance brain images},
  author={Cabezas, Mariano and Oliver, Arnau and Llad{\'o}, Xavier and Freixenet, Jordi and Cuadra, Meritxell Bach},
  journal={Computer methods and programs in biomedicine},
  volume={104},
  number={3},
  pages={e158--e177},
  year={2011},
  publisher={Elsevier}
}

@article{wu2007optimum,
  title={Optimum template selection for atlas-based segmentation},
  author={Wu, Minjie and Rosano, Caterina and Lopez-Garcia, Pilar and Carter, Cameron S and Aizenstein, Howard J},
  journal={NeuroImage},
  volume={34},
  number={4},
  pages={1612--1618},
  year={2007},
  publisher={Elsevier}
}


@article{bazin2008homeomorphic,
  title={Homeomorphic brain image segmentation with topological and statistical atlases},
  author={Bazin, Pierre-Louis and Pham, Dzung L},
  journal={Medical image analysis},
  volume={12},
  number={5},
  pages={616--625},
  year={2008},
  publisher={Elsevier}
}


@article{van1999automated,
  title={Automated model-based tissue classification of MR images of the brain},
  author={Van Leemput, Koen and Maes, Frederik and Vandermeulen, Dirk and Suetens, Paul},
  journal={IEEE transactions on medical imaging},
  volume={18},
  number={10},
  pages={897--908},
  year={1999},
  publisher={IEEE}
}


@article{kamber1992model,
  title={Model-based 3-D segmentation of multiple sclerosis lesions in dual-echo MRI data},
  author={Kamber, Micheline and Collins, D Louis and Shinghal, Rajjan and Francis, Gordon S and Evans, Alan C},
  journal={Visualization in Biomedical Computing'92},
  volume={1808},
  pages={590--600},
  year={1992},
  organization={International Society for Optics and Photonics}
}


@article{collins1995automatic,
  title={Automatic 3-D model-based neuroanatomical segmentation},
  author={Collins, D Louis and Holmes, Colin J and Peters, Terrence M and Evans, Alan C},
  journal={Human brain mapping},
  volume={3},
  number={3},
  pages={190--208},
  year={1995},
  publisher={Wiley Online Library}
}


@article{zachmann1991interpretation,
  title={Interpretation of cranial MR-images using a digital atlas of the human head},
  author={Zachmann, HH},
  journal={Computer Assisted Radiology/Computergest{\"u}tzte Radiologie},
  pages={283--288},
  year={1991},
  publisher={Springer},
}


@article{zhengping1991mapping,
  title={Mapping between MR brain images and a voxel model},
  author={Zhengping, J and Mowforth, PH},
  journal={Medical Informatics},
  volume={16},
  number={2},
  pages={183--193},
  year={1991},
  publisher={Taylor \& Francis}
}


@article{bajcsy1983computerized,
  title={A computerized system for the elastic matching of deformed radiographic images to idealized atlas images.},
  author={Bajcsy, Ruzena and Lieberson, Robert and Reivich, Martin},
  journal={Journal of computer assisted tomography},
  volume={7},
  number={4},
  pages={618--625},
  year={1983}
}


@book{broit1981optimal,
  title={Optimal registration of deformed images},
  author={Broit, Chaim},
  year={1981},
  publisher={University of Pennsylvania}
}

@misc{hochreiter2001gradient,
  title={Gradient flow in recurrent nets: the difficulty of learning long-term dependencies},
  author={Hochreiter, Sepp and Bengio, Yoshua and Frasconi, Paolo and Schmidhuber, J{\"u}rgen and others},
  year={2001},
  publisher={A field guide to dynamical recurrent neural networks. IEEE Press}
}


@article{mcculloch1943logical,
  title={A logical calculus of the ideas immanent in nervous activity},
  author={McCulloch, Warren S and Pitts, Walter},
  journal={The bulletin of mathematical biophysics},
  volume={5},
  number={4},
  pages={115--133},
  year={1943},
  publisher={Springer}
}

@article{haskins2020deep,
  title={Deep learning in medical image registration: a survey},
  author={Haskins, Grant and Kruger, Uwe and Yan, Pingkun},
  journal={Machine Vision and Applications},
  volume={31},
  number={1},
  pages={1--18},
  year={2020},
  publisher={Springer}
}


@article{krogh1992simple,
  title={A simple weight decay can improve generalization},
  author={Krogh, Anders and Hertz, John A},
  journal={Advances in neural information processing systems},
  pages={950--957},
  year={1992}
}


@article{rumelhart1986learning,
  title={Learning representations by back-propagating errors},
  author={Rumelhart, David E and Hinton, Geoffrey E and Williams, Ronald J},
  journal={nature},
  volume={323},
  number={6088},
  pages={533--536},
  year={1986},
  publisher={Nature Publishing Group}
}


@article{johnson1993observation,
  title={Observation of periodic waves in a pulse-coupled neural network},
  author={Johnson, John L and Ritter, Dieter},
  journal={Optics letters},
  volume={18},
  number={15},
  pages={1253--1255},
  year={1993},
  publisher={Optical Society of America}
}

@article{sun20193d,
  title={A 3D spatially weighted network for segmentation of brain tissue from MRI},
  author={Sun, Liyan and Ma, Wenao and Ding, Xinghao and Huang, Yue and Liang, Dong and Paisley, John},
  journal={IEEE transactions on medical imaging},
  volume={39},
  number={4},
  pages={898--909},
  year={2019},
  publisher={IEEE}
}


@article{oktay2018attention,
  title={Attention u-net: Learning where to look for the pancreas},
  author={Oktay, Ozan and Schlemper, Jo and Folgoc, Loic Le and Lee, Matthew and Heinrich, Mattias and Misawa, Kazunari and Mori, Kensaku and McDonagh, Steven and Hammerla, Nils Y and Kainz, Bernhard and others},
  journal={International Conference on Medical Imaging with Deep Learning},
  year={2018}
}

@article{hu2018squeeze,
  title={Squeeze-and-excitation networks},
  author={Hu, Jie and Shen, Li and Sun, Gang},
  journal={Proceedings of the IEEE conference on computer vision and pattern recognition},
  pages={7132--7141},
  year={2018}
}


@article{wang2017residual,
  title={Residual attention network for image classification},
  author={Wang, Fei and Jiang, Mengqing and Qian, Chen and Yang, Shuo and Li, Cheng and Zhang, Honggang and Wang, Xiaogang and Tang, Xiaoou},
  journal={Proceedings of the IEEE conference on computer vision and pattern recognition},
  pages={3156--3164},
  year={2017}
}


@article{vaswani2017attention,
  title={Attention is all you need},
  author={Vaswani, Ashish and Shazeer, Noam and Parmar, Niki and Uszkoreit, Jakob and Jones, Llion and Gomez, Aidan N and Kaiser, {\L}ukasz and Polosukhin, Illia},
  journal={Advances in neural information processing systems},
  pages={5998--6008},
  year={2017}
}

@article{duchi2011adaptive,
  title={Adaptive subgradient methods for online learning and stochastic optimization.},
  author={Duchi, John and Hazan, Elad and Singer, Yoram},
  journal={Journal of machine learning research},
  volume={12},
  number={7},
  year={2011}
}

@article{rmsprop,
  title={RMSProp:  Divide the gradient by a running average of its recent magnitude.},
  author={Tieleman, T. and Hinton, G.},
  journal={Coursera},
  year={2012}
}

@article{havaei2017brain,
  title={Brain tumor segmentation with deep neural networks},
  author={Havaei, Mohammad and Davy, Axel and Warde-Farley, David and Biard, Antoine and Courville, Aaron and Bengio, Yoshua and Pal, Chris and Jodoin, Pierre-Marc and Larochelle, Hugo},
  journal={Medical image analysis},
  volume={35},
  pages={18--31},
  year={2017},
  publisher={Elsevier}
}

@article{brosch2015deep,
  title={Deep Convolutional Encoder Networks for Multiple Sclerosis Lesion Segmentation},
  author={Brosch, Tom and Yoo, Y and Tang, Lisa YW and Li, David KB and Traboulsee, Anthony and Tam, R},
  year={2015},
  pages={3--11},
  journal={International conference on medical image computing and computer-assisted intervention},
  organization={Springer}
}


@article{kamnitsas2015multi,
  title={Multi-scale 3D convolutional neural networks for lesion segmentation in brain MRI},
  author={Kamnitsas, Konstantinos and Chen, Liang and Ledig, Christian and Rueckert, Daniel and Glocker, Ben},
  journal={Ischemic stroke lesion segmentation},
  volume={13},
  pages={46},
  year={2015}
}


@article{axel2014brain,
  title={Brain Tumor Segmentation with Deep Neural Networks},
  author={Davy, Axel and Havaei, Mohammad and Warde-Farley, David and Biard, Antoine and Tran, Lam and Jodoin, Pierre-Marc and Courville, Aaron and Larochelle, Hugo and Pal, Chris and Bengio, Yoshua},
  journal={Proceedings MICCAI-BRATS},
  pages={1--5},
  volume={36},
  year={2014}
}

@article{dey2018compnet,
  title={CompNet: Complementary segmentation network for brain MRI extraction},
  author={Dey, Raunak and Hong, Yi},
  journal={International Conference on Medical Image Computing and Computer-Assisted Intervention},
  pages={628--636},
  year={2018},
  organization={Springer}
}


@article{chen2018skull,
  title={Skull stripping using confidence segmentation convolution neural network},
  author={Chen, Kaiyuan and Shen, Jingyue and Scalzo, Fabien},
  journal={International Symposium on Visual Computing},
  pages={15--24},
  year={2018},
  organization={Springer}
}


@article{lucena2019convolutional,
  title={Convolutional neural networks for skull-stripping in brain MR imaging using silver standard masks},
  author={Lucena, Oeslle and Souza, Roberto and Rittner, Leticia and Frayne, Richard and Lotufo, Roberto},
  journal={Artificial intelligence in medicine},
  volume={98},
  pages={48--58},
  year={2019},
  publisher={Elsevier}
}


@article{kleesiek2016deep,
  title={Deep MRI brain extraction: A 3D convolutional neural network for skull stripping},
  author={Kleesiek, Jens and Urban, Gregor and Hubert, Alexander and Schwarz, Daniel and Maier-Hein, Klaus and Bendszus, Martin and Biller, Armin},
  journal={NeuroImage},
  volume={129},
  pages={460--469},
  year={2016},
  publisher={Elsevier}
}

@article{dvovrak2015local,
  title={Local structure prediction with convolutional neural networks for multimodal brain tumor segmentation},
  author={Dvo{\v{r}}{\'a}k, Pavel and Menze, Bjoern},
  journal={International MICCAI workshop on medical computer vision},
  pages={59--71},
  year={2015},
  organization={Springer}
}


@article{urban2014multi,
  title={Multi-modal brain tumor segmentation using deep convolutional neural networks},
  author={Urban, Gregor and Bendszus, M and Hamprecht, F and Kleesiek, J},
  journal={Proceedings MICCAI-BRATS},
  pages={31--35},
  volume={36},
  year={2014}
}

@article{zikic2014segmentation,
  title={Segmentation of brain tumor tissues with convolutional neural networks},
  author={Zikic, Darko and Ioannou, Yani and Brown, Matthew and Criminisi, Antonio},
  journal={Proceedings MICCAI-BRATS},
  volume={36},
  pages={36--39},
  year={2014}
}

@article{lopez2017brain,
  title={Brain white matter lesion segmentation with 2D/3D CNN},
  author={L{\'o}pez-Zorrilla, Asier and de Velasco-V{\'a}zquez, Mikel and Serradilla-Casado, Oscar and Roa-Barco, Leire and Gra{\~n}a, Manuel and Chyzhyk, Darya and Price, CC},
  journal={International Work-Conference on the Interplay Between Natural and Artificial Computation},
  pages={394--403},
  year={2017},
  organization={Springer}
}

@article{chen2016voxresnet,
  title={Voxresnet: Deep voxelwise residual networks for volumetric brain segmentation},
  author={Chen, Hao and Dou, Qi and Yu, Lequan and Heng, Pheng-Ann},
  journal={arXiv preprint arXiv:1608.05895},
  year={2016}
}

@article{fedorov2017end,
  title={End-to-end learning of brain tissue segmentation from imperfect labeling},
  author={Fedorov, Alex and Johnson, Jeremy and Damaraju, Eswar and Ozerin, Alexei and Calhoun, Vince and Plis, Sergey},
  journal={2017 International Joint Conference on Neural Networks (IJCNN)},
  pages={3785--3792},
  year={2017},
  organization={IEEE}
}


@article{Kingma2014AdamAM,
  author    = {Diederik P. Kingma and
               Jimmy Ba},
  title     = {Adam: {A} Method for Stochastic Optimization},
  journal = {3rd International Conference on Learning Representations, {ICLR} 2015,
               San Diego, CA, USA, May 7-9, 2015, Conference Track Proceedings},
  year      = {2015},
}

@article{zhang2015deep,
  title={Deep convolutional neural networks for multi-modality isointense infant brain image segmentation},
  author={Zhang, Wenlu and Li, Rongjian and Deng, Houtao and Wang, Li and Lin, Weili and Ji, Shuiwang and Shen, Dinggang},
  journal={NeuroImage},
  volume={108},
  pages={214--224},
  year={2015},
  publisher={Elsevier}
}


@article{wu2018group,
  title={Group normalization},
  author={Wu, Yuxin and He, Kaiming},
  journal={Proceedings of the European conference on computer vision (ECCV)},
  pages={3--19},
  year={2018}
}


@article{ulyanov2016instance,
  title={Improved texture networks: Maximizing quality and diversity in feed-forward stylization and texture synthesis},
  author={Ulyanov, Dmitry and Vedaldi, Andrea and Lempitsky, Victor},
  journal={Proceedings of the IEEE Conference on Computer Vision and Pattern Recognition},
  pages={6924--6932},
  year={2017}
}

@article{daneshmand2021batch,
  title={Batch Normalization Orthogonalizes Representations in Deep Random Networks},
  author={Daneshmand, Hadi and Joudaki, Amir and Bach, Francis},
  journal={Advances in Neural Information Processing Systems},
  volume={34},
  year={2021}
}

@article{lobacheva2021periodic,
  title={On the Periodic Behavior of Neural Network Training with Batch Normalization and Weight Decay},
  author={Lobacheva, Ekaterina and Kodryan, Maxim and Chirkova, Nadezhda and Malinin, Andrey and Vetrov, Dmitry P},
  journal={Advances in Neural Information Processing Systems},
  volume={34},
  year={2021}
}



@article{he2015delving,
  title={Delving deep into rectifiers: Surpassing human-level performance on imagenet classification},
  author={He, Kaiming and Zhang, Xiangyu and Ren, Shaoqing and Sun, Jian},
  journal={Proceedings of the IEEE international conference on computer vision},
  pages={1026--1034},
  year={2015}
}

@article{ioffe2015batch,
  title={Batch normalization: Accelerating deep network training by reducing internal covariate shift},
  author={Ioffe, Sergey and Szegedy, Christian},
  journal={International conference on machine learning},
  pages={448--456},
  year={2015},
  organization={PMLR}
}

@book{ripley2007pattern,
  title={Pattern recognition and neural networks},
  author={Ripley, Brian D},
  year={1996},
  publisher={Cambridge university press}
}


@article{han2015deep,
  title={Deep compression: Compressing deep neural networks with pruning, trained quantization and huffman coding},
  author={Han, Song and Mao, Huizi and Dally, William J},
  journal={International Conference on Learning Representations},
  year={2016}
}

@article{clevert2015fast,
  title={Fast and accurate deep network learning by exponential linear units (elus)},
  author={Clevert, Djork-Arn{\'e} and Unterthiner, Thomas and Hochreiter, Sepp},
  journal={International Conference on Learning Representations},
  year={2016}
}



@article{nair2010rectified,
  title={Rectified linear units improve restricted boltzmann machines},
  author={Nair, Vinod and Hinton, Geoffrey E},
  journal={International Conference on Machine Learning},
  year={2010}
}


@article{Fukushima2004NeocognitronAS,
  title={Neocognitron: A self-organizing neural network model for a mechanism of pattern recognition unaffected by shift in position},
  author={Kunihiko Fukushima},
  journal={Biological Cybernetics},
  year={1980},
  volume={36},
  pages={193-202}
}

@article{goodfellow2014generative,
  title={Generative adversarial nets},
  author={Goodfellow, Ian and Pouget-Abadie, Jean and Mirza, Mehdi and Xu, Bing and Warde-Farley, David and Ozair, Sherjil and Courville, Aaron and Bengio, Yoshua},
  journal={Advances in neural information processing systems},
  volume={27},
  year={2014}
}


@article{araujo2019computing,
  title={Computing receptive fields of convolutional neural networks},
  author={Araujo, Andr{\'e} and Norris, Wade and Sim, Jack},
  journal={Distill},
  volume={4},
  number={11},
  pages={e21},
  year={2019}
}


@article{krizhevsky2012imagenet,
  title={Imagenet classification with deep convolutional neural networks},
  author={Krizhevsky, Alex and Sutskever, Ilya and Hinton, Geoffrey E},
  journal={Advances in neural information processing systems},
  volume={25},
  pages={1097--1105},
  year={2012}
}


@article{rosenblatt1958perceptron,
  title={The perceptron: a probabilistic model for information storage and organization in the brain.},
  author={Rosenblatt, Frank},
  journal={Psychological review},
  volume={65},
  number={6},
  pages={386},
  year={1958},
  publisher={American Psychological Association}
}



@article{hill2001medical,
  title={Medical image registration},
  author={Hill, Derek LG and Batchelor, Philipp G and Holden, Mark and Hawkes, David J},
  journal={Physics in medicine \& biology},
  volume={46},
  number={3},
  pages={R1},
  year={2001},
  publisher={IOP Publishing}
}


@article{heimann2009statistical,
  title={Statistical shape models for 3D medical image segmentation: a review},
  author={Heimann, Tobias and Meinzer, Hans-Peter},
  journal={Medical image analysis},
  volume={13},
  number={4},
  pages={543--563},
  year={2009},
  publisher={Elsevier}
}


@article{chakraborty1996deformable,
  title={Deformable boundary finding in medical images by integrating gradient and region information},
  author={Chakraborty, Amit and Staib, Lawrence H and Duncan, James S},
  journal={IEEE Transactions on Medical Imaging},
  volume={15},
  number={6},
  pages={859--870},
  year={1996},
  publisher={IEEE}
}


@article{kass1988snakes,
  title={Snakes: Active contour models},
  author={Kass, Michael and Witkin, Andrew and Terzopoulos, Demetri},
  journal={International journal of computer vision},
  volume={1},
  number={4},
  pages={321--331},
  year={1988},
  publisher={Springer}
}


@article{chen2018survey,
  title={A survey of graph cuts/graph search based medical image segmentation},
  author={Chen, Xinjian and Pan, Lingjiao},
  journal={IEEE reviews in biomedical engineering},
  volume={11},
  pages={112--124},
  year={2018},
  publisher={IEEE}
}


@article{boykov2001fast,
  title={Fast approximate energy minimization via graph cuts},
  author={Boykov, Yuri and Veksler, Olga and Zabih, Ramin},
  journal={IEEE Transactions on pattern analysis and machine intelligence},
  volume={23},
  number={11},
  pages={1222--1239},
  year={2001},
  publisher={IEEE}
}


@article{oguz2014rats,
  title={RATS: rapid automatic tissue segmentation in rodent brain MRI},
  author={Oguz, Ipek and Zhang, Honghai and Rumple, Ashley and Sonka, Milan},
  journal={Journal of neuroscience methods},
  volume={221},
  pages={175--182},
  year={2014},
  publisher={Elsevier}
}


@article{klein2005mindboggle,
  title={Mindboggle: automated brain labeling with multiple atlases},
  author={Klein, Arno and Mensh, Brett and Ghosh, Satrajit and Tourville, Jason and Hirsch, Joy},
  journal={BMC medical imaging},
  volume={5},
  number={1},
  pages={1--14},
  year={2005},
  publisher={Springer}
}

@article{van2008hippocampus,
  title={Hippocampus segmentation in MR images using atlas registration, voxel classification, and graph cuts},
  author={van der Lijn, Fedde and Den Heijer, Tom and Breteler, Monique MB and Niessen, Wiro J},
  journal={Neuroimage},
  volume={43},
  number={4},
  pages={708--720},
  year={2008},
  publisher={Elsevier}
}


@article{wolz2010measurement,
  title={Measurement of hippocampal atrophy using 4D graph-cut segmentation: application to ADNI},
  author={Wolz, Robin and Heckemann, Rolf A and Aljabar, Paul and Hajnal, Joseph V and Hammers, Alexander and L{\"o}tj{\"o}nen, Jyrki and Rueckert, Daniel and Alzheimer's Disease Neuroimaging Initiative and others},
  journal={NeuroImage},
  volume={52},
  number={1},
  pages={109--118},
  year={2010},
  publisher={Elsevier}
}


@article{liang2007automatic,
  title={Automatic segmentation of left and right cerebral hemispheres from MRI brain volumes using the graph cuts algorithm},
  author={Liang, Lichen and Rehm, Kelly and Woods, Roger P and Rottenberg, David A},
  journal={NeuroImage},
  volume={34},
  number={3},
  pages={1160--1170},
  year={2007},
  publisher={Elsevier}
}


@article{sarathi2013automated,
  title={Automated Brain Tumor segmentation using novel feature point detector and seeded region growing},
  author={Sarathi, Mangipudi Partha and Ansari, Mohammed Ahmed and Uher, Vaclav and Burget, Radim and Dutta, Malay Kishore},
  journal={36th International Conference on Telecommunications and Signal Processing (TSP)},
  pages={648--652},
  year={2013},
  organization={IEEE}
}


@article{salman2006validation,
  title={Validation techniques for quantitative brain tumors measurements},
  author={Salman, YM and Assal, MA and Badawi, AM and Alian, SM and El-Bayome, M El-M},
  journal={IEEE Engineering in Medicine and Biology 27th Annual Conference},
  pages={7048--7051},
  year={2006},
  organization={IEEE}
}


@article{biratu2021enhanced,
  title={Enhanced Region Growing for Brain Tumor MR Image Segmentation},
  author={Biratu, Erena Siyoum Siyoum and Schwenker, Friedhelm and Debelee, Taye Girma Girma and Kebede, Samuel Rahimeto Rahimeto and Negera, Worku Gachena Gachena and Molla, Hasset Tamirat Tamirat},
  journal={Journal of Imaging},
  volume={7},
  number={2},
  pages={22},
  year={2021},
  publisher={Multidisciplinary Digital Publishing Institute}
}

@article{ortendahl1988segmentation,
  title={Segmentation of magnetic resonance images using fuzzy clustering},
  author={Ortendahl, Douglas A and Carlson, Joseph W},
  journal={Information processing in medical imaging},
  pages={91--106},
  year={1988},
  organization={Springer}
}


@article{delapaz1987approximate,
  title={Approximate fuzzy C-means (AFCM) cluster analysis of medical magnetic resonance image (MRI) data},
  author={DelaPaz, RL and Chang, PJ and Bernstein, R and Dave, JV},
  journal={Proceedings of the 1987 IEEE international conference on systems, man, and cybernetics. Volume 1},
  year={1987}
}

@article{ahmed2002modified,
  title={A modified fuzzy c-means algorithm for bias field estimation and segmentation of MRI data},
  author={Ahmed, Mohamed N and Yamany, Sameh M and Mohamed, Nevin and Farag, Aly A and Moriarty, Thomas},
  journal={IEEE transactions on medical imaging},
  volume={21},
  number={3},
  pages={193--199},
  year={2002},
  publisher={IEEE}
}

@article{hornik1989multilayer,
  title={Multilayer feedforward networks are universal approximators},
  author={Hornik, Kurt and Stinchcombe, Maxwell and White, Halbert},
  journal={Neural networks},
  volume={2},
  number={5},
  pages={359--366},
  year={1989},
  publisher={Elsevier}
}


@article{ozkan1990multispectral,
  title={Multispectral magnetic resonance image segmentation using neural networks},
  author={Ozkan, M and Sprenkels, Hendrick G and Dawant, Benoit M},
  journal={IJCNN International Joint Conference on Neural Networks},
  pages={429--434},
  year={1990},
  organization={IEEE}
}

@article{collobert2004links,
  title={Links between perceptrons, MLPs and SVMs},
  author={Collobert, Ronan and Bengio, Samy},
  journal={Proceedings of the twenty-first international conference on Machine learning},
  pages={23},
  year={2004}
}


@article{nilsson1965learning,
  title={Learning machines.},
  author={Nilsson, Nils J},
  year={1965},
  publisher={New York}
}

@article{minsky1969perceptrons,
  title={Perceptrons.},
  author={Minsky, Marvin and Papert, Seymour},
  year={1969},
  publisher={MIT Press}
}

@article{delapaz1986tissue,
  title={Tissue characterization with MRI using advanced digital processing techniques ('fuzzy clustering')},
  author={Delapaz, RL and Bernstein, R and Dave, JV and Chang, PJ},
  journal={5th Annual Meeting SMRM, Montreal, Canada},
  year={1986}
}


@article{dunn1973fuzzy,
  title={A fuzzy relative of the ISODATA process and its use in detecting compact well-separated clusters},
  author={Dunn, Joseph C},
  year={1973},
  publisher={Taylor \& Francis}
}

@article{bezdek1981pattern,
  title={Pattern recognition with fuzzy objective function algorithms: Advanced applications in pattern recognition},
  author={Bezdek, James C},
  year={1981},
  publisher={Plenum Press (New York, NY [ua])}
}



@article{lim1989segmentation,
  title={Segmentation of MR brain images into cerebrospinal fluid spaces, white and gray matter.},
  author={Lim, Kelvin O and Pfefferbaum, Adolf},
  journal={Journal of Computer Assisted Tomography},
  volume={13},
  number={4},
  pages={588--593},
  year={1989}
}

@article{kennedy1989anatomic,
  title={Anatomic segmentation and volumetric calculations in nuclear magnetic resonance imaging},
  author={Kennedy, David N and Filipek, Pauline A and Caviness, Verne S},
  journal={IEEE transactions on medical imaging},
  volume={8},
  number={1},
  pages={1--7},
  year={1989},
  publisher={IEEE}
}

@article{held1997markov,
  title={Markov random field segmentation of brain MR images},
  author={Held, Karsten and Kops, E Rota and Krause, Bernd J and Wells, William M and Kikinis, Ron and Muller-Gartner, H-W},
  journal={IEEE transactions on medical imaging},
  volume={16},
  number={6},
  pages={878--886},
  year={1997},
  publisher={IEEE}
}


@article{taxt1994multispectral,
  title={Multispectral analysis of the brain using magnetic resonance imaging},
  author={Taxt, Torfinn and Lundervold, Arvid},
  journal={IEEE transactions on medical imaging},
  volume={13},
  number={3},
  pages={470--481},
  year={1994},
  publisher={IEEE}
}


@article{choi1989multivariate,
  title={Multivariate tissue classification of MRI images for 3-D volume reconstruction-a statistical approach},
  author={Choi, Hwan-Soo and Haynor, David R and Kim, Yongmin},
  journal={Medical Imaging III: Image Processing},
  volume={1092},
  pages={183--193},
  year={1989},
  organization={International Society for Optics and Photonics}
}


@article{hyman1989characterization,
  title={Characterization of normal brain tissue using seven calculated MRI parameters and a statistical analysis system},
  author={Hyman, Timothy J and Levy, George C and Kurland, Robert J and Shoop, Jon D},
  journal={Magnetic Resonance in Medicine},
  volume={11},
  number={1},
  pages={22--34},
  year={1989},
  publisher={Wiley Online Library}
}



@article{herman1988computerized,
  title={Computerized three-dimensional volume analysis from magnetic resonance images for characterization of brain disorders},
  author={Herman, GT and Kohn, MI and Gur, RE},
  journal={Proceedings of a Special Symposium on Maturing Technologies and Emerging Horizons in Biomedical Engineering.},
  pages={65--67},
  year={1988},
  organization={IEEE}
}

@article{huang2017densely,
  title={Densely connected convolutional networks},
  author={Huang, Gao and Liu, Zhuang and Van Der Maaten, Laurens and Weinberger, Kilian Q},
  journal={Proceedings of the IEEE conference on computer vision and pattern recognition},
  pages={4700--4708},
  year={2017}
}

@article{ronneberger2015u,
  title={U-net: Convolutional networks for biomedical image segmentation},
  author={Ronneberger, Olaf and Fischer, Philipp and Brox, Thomas},
  journal={International Conference on Medical image computing and computer-assisted intervention},
  pages={234--241},
  year={2015},
  organization={Springer}
}


@article{hochreiter1997long,
  title={Long short-term memory},
  author={Hochreiter, Sepp and Schmidhuber, J{\"u}rgen},
  journal={Neural computation},
  volume={9},
  number={8},
  pages={1735--1780},
  year={1997},
  publisher={MIT Press}
}


@article{deng2010mri,
  title={MRI brain tumor segmentation with region growing method based on the gradients and variances along and inside of the boundary curve},
  author={Deng, Wankai and Xiao, Wei and Deng, He and Liu, Jianguo},
  journal={3rd International Conference on Biomedical Engineering and Informatics},
  volume={1},
  pages={393--396},
  year={2010},
  organization={IEEE}
}

@article{rohlfing2006shape,
  title={Shape-based averaging},
  author={Rohlfing, Torsten and Maurer, Calvin R},
  journal={IEEE Transactions on Image Processing},
  volume={16},
  number={1},
  pages={153--161},
  year={2006},
  publisher={IEEE}
}

@article{cardoso2013steps,
  title={STEPS: Similarity and Truth Estimation for Propagated Segmentations and its application to hippocampal segmentation and brain parcelation},
  author={Cardoso, M Jorge and Leung, Kelvin and Modat, Marc and Keihaninejad, Shiva and Cash, David and Barnes, Josephine and Fox, Nick C and Ourselin, Sebastien and Alzheimer’s Disease Neuroimaging Initiative and others},
  journal={Medical image analysis},
  volume={17},
  number={6},
  pages={671--684},
  year={2013},
  publisher={Elsevier}
}

@article{springenberg2014striving,
  title={Striving for simplicity: The all convolutional net},
  author={Springenberg, Jost Tobias and Dosovitskiy, Alexey and Brox, Thomas and Riedmiller, Martin},
  journal={arXiv preprint arXiv:1412.6806},
  year={2014}
}

@article{zhou1988computation,
  title={Computation of optical flow using a neural network.},
  author={Zhou, Yi-Tong and Chellappa, Rama},
  journal={ICNN},
  pages={71--78},
  year={1988}
}


@article{warfield2004simultaneous,
  title={Simultaneous truth and performance level estimation (STAPLE): an algorithm for the validation of image segmentation},
  author={Warfield, Simon K and Zou, Kelly H and Wells, William M},
  journal={IEEE transactions on medical imaging},
  volume={23},
  number={7},
  pages={903--921},
  year={2004},
  publisher={IEEE}
}


@article{artaechevarria2009combination,
  title={Combination strategies in multi-atlas image segmentation: application to brain MR data},
  author={Artaechevarria, Xabier and Munoz-Barrutia, Arrate and Ortiz-de-Solorzano, Carlos},
  journal={IEEE transactions on medical imaging},
  volume={28},
  number={8},
  pages={1266--1277},
  year={2009},
  publisher={IEEE}
}

@article{roy2017error,
  title={Error corrective boosting for learning fully convolutional networks with limited data},
  author={Roy, Abhijit Guha and Conjeti, Sailesh and Sheet, Debdoot and Katouzian, Amin and Navab, Nassir and Wachinger, Christian},
  journal={International Conference on Medical Image Computing and Computer-Assisted Intervention},
  pages={231--239},
  year={2017},
  organization={Springer}
}


@article{huo20193d,
  title={3D whole brain segmentation using spatially localized atlas network tiles},
  author={Huo, Yuankai and Xu, Zhoubing and Xiong, Yunxi and Aboud, Katherine and Parvathaneni, Prasanna and Bao, Shunxing and Bermudez, Camilo and Resnick, Susan M and Cutting, Laurie E and Landman, Bennett A},
  journal={NeuroImage},
  volume={194},
  pages={105--119},
  year={2019},
  publisher={Elsevier}
}

@article{li2021whole,
  title={Whole brain segmentation with full volume neural network},
  author={Li, Yeshu and Cui, Jonathan and Sheng, Yilun and Liang, Xiao and Wang, Jingdong and Eric, I and Chang, Chao and Xu, Yan},
  journal={Computerized Medical Imaging and Graphics},
  volume={93},
  pages={101991},
  year={2021},
  publisher={Elsevier}
}


@article{moeskops2016automatic,
  title={Automatic segmentation of MR brain images with a convolutional neural network},
  author={Moeskops, Pim and Viergever, Max A and Mendrik, Adri{\"e}nne M and De Vries, Linda S and Benders, Manon JNL and I{\v{s}}gum, Ivana},
  journal={IEEE transactions on medical imaging},
  volume={35},
  number={5},
  pages={1252--1261},
  year={2016},
  publisher={IEEE}
}

@article{vercauteren2009diffeomorphic,
  title={Diffeomorphic demons: Efficient non-parametric image registration},
  author={Vercauteren, Tom and Pennec, Xavier and Perchant, Aymeric and Ayache, Nicholas},
  journal={NeuroImage},
  volume={45},
  number={1},
  pages={S61--S72},
  year={2009},
  publisher={Elsevier}
}

@article{cheng2022fully,
  title={A Fully Automated Multimodal MRI-based Multi-task Learning for Glioma Segmentation and IDH Genotyping},
  author={Cheng, Jianhong and Liu, Jin and Kuang, Hulin and Wang, Jianxin},
  journal={IEEE Transactions on Medical Imaging},
  year={2022},
  publisher={IEEE}
}


@article{wang2021transbts,
  title={Transbts: Multimodal brain tumor segmentation using transformer},
  author={Wang, Wenxuan and Chen, Chen and Ding, Meng and Yu, Hong and Zha, Sen and Li, Jiangyun},
  journal={International Conference on Medical Image Computing and Computer-Assisted Intervention},
  pages={109--119},
  year={2021},
  organization={Springer}
}

@article{dosovitskiy2020image,
  title={An image is worth 16x16 words: Transformers for image recognition at scale},
  author={Dosovitskiy, Alexey and Beyer, Lucas and Kolesnikov, Alexander and Weissenborn, Dirk and Zhai, Xiaohua and Unterthiner, Thomas and Dehghani, Mostafa and Minderer, Matthias and Heigold, Georg and Gelly, Sylvain and others},
  journal={arXiv preprint arXiv:2010.11929},
  year={2020}
}


@article{karthik2021ischemic,
  title={Ischemic lesion segmentation using ensemble of multi-scale region aligned CNN},
  author={Karthik, R and Menaka, R and Hariharan, M and Won, Daehan},
  journal={Computer Methods and Programs in Biomedicine},
  volume={200},
  pages={105831},
  year={2021},
  publisher={Elsevier}
}


@article{zhang2021all,
  title={ALL-Net: Anatomical information lesion-wise loss function integrated into neural network for multiple sclerosis lesion segmentation},
  author={Zhang, Hang and Zhang, Jinwei and Li, Chao and Sweeney, Elizabeth M and Spincemaille, Pascal and Nguyen, Thanh D and Gauthier, Susan A and Wang, Yi and Marcille, Melanie},
  journal={NeuroImage: Clinical},
  volume={32},
  pages={102854},
  year={2021},
  publisher={Elsevier}
}


@article{hashemi2018asymmetric,
  title={Asymmetric loss functions and deep densely-connected networks for highly-imbalanced medical image segmentation: Application to multiple sclerosis lesion detection},
  author={Hashemi, Seyed Raein and Salehi, Seyed Sadegh Mohseni and Erdogmus, Deniz and Prabhu, Sanjay P and Warfield, Simon K and Gholipour, Ali},
  journal={IEEE Access},
  volume={7},
  pages={1721--1735},
  year={2018},
  publisher={IEEE}
}


@article{kamnitsas2017efficient,
  title={Efficient multi-scale 3D CNN with fully connected CRF for accurate brain lesion segmentation},
  author={Kamnitsas, Konstantinos and Ledig, Christian and Newcombe, Virginia FJ and Simpson, Joanna P and Kane, Andrew D and Menon, David K and Rueckert, Daniel and Glocker, Ben},
  journal={Medical image analysis},
  volume={36},
  pages={61--78},
  year={2017},
  publisher={Elsevier}
}


@article{avants2008symmetric,
  title={Symmetric diffeomorphic image registration with cross-correlation: evaluating automated labeling of elderly and neurodegenerative brain},
  author={Avants, Brian B and Epstein, Charles L and Grossman, Murray and Gee, James C},
  journal={Medical image analysis},
  volume={12},
  number={1},
  pages={26--41},
  year={2008},
  publisher={Elsevier}
}


@article{rueckert1999nonrigid,
  title={Nonrigid registration using free-form deformations: application to breast MR images},
  author={Rueckert, Daniel and Sonoda, Luke I and Hayes, Carmel and Hill, Derek LG and Leach, Martin O and Hawkes, David J},
  journal={IEEE transactions on medical imaging},
  volume={18},
  number={8},
  pages={712--721},
  year={1999},
  publisher={IEEE}
}


@article{thirion1998image,
  title={Image matching as a diffusion process: an analogy with Maxwell's demons},
  author={Thirion, J-P},
  journal={Medical image analysis},
  volume={2},
  number={3},
  pages={243--260},
  year={1998},
  publisher={Elsevier}
}

@article{beg2005computing,
  title={Computing large deformation metric mappings via geodesic flows of diffeomorphisms},
  author={Beg, M Faisal and Miller, Michael I and Trouv{\'e}, Alain and Younes, Laurent},
  journal={International journal of computer vision},
  volume={61},
  number={2},
  pages={139--157},
  year={2005},
  publisher={Springer}
}

@article{goebel1997brainvoyager,
  title={BrainVoyager 2.0: from 2D to 3D fMRI analysis and visualization},
  author={Goebel, R},
  journal={NeuroImage},
  volume={5},
  number={4 PART II},
  year={1997}
}

@article{cox1996afni,
  title={AFNI: software for analysis and visualization of functional magnetic resonance neuroimages},
  author={Cox, Robert W},
  journal={Computers and Biomedical research},
  volume={29},
  number={3},
  pages={162--173},
  year={1996},
  publisher={Elsevier}
}


@article{fischl2012freesurfer,
  title={FreeSurfer},
  author={Fischl, Bruce},
  journal={Neuroimage},
  volume={62},
  number={2},
  pages={774--781},
  year={2012},
  publisher={Elsevier}
}

@article{jenkinson2012fsl,
  title={Fsl},
  author={Jenkinson, Mark and Beckmann, Christian F and Behrens, Timothy EJ and Woolrich, Mark W and Smith, Stephen M},
  journal={Neuroimage},
  volume={62},
  number={2},
  pages={782--790},
  year={2012},
  publisher={Elsevier}
}

@book{penny2011statistical,
  title={Statistical parametric mapping: the analysis of functional brain images},
  author={Penny, William D and Friston, Karl J and Ashburner, John T and Kiebel, Stefan J and Nichols, Thomas E},
  year={2011},
  publisher={Elsevier}
}


@article{ad2006civet,
  title={The CIVET image-processing environment: a fully automated comprehensive pipeline for anatomical neuroimaging research},
  author={Ad-Dab’bagh, Yasser and Lyttelton, O and Muehlboeck, JS and Lepage, C and Einarson, D and Mok, K and Ivanov, O and Vincent, RD and Lerch, J and Fombonne, E and others},
  journal={Proceedings of the 12th annual meeting of the organization for human brain mapping},
  volume={2266},
  year={2006},
  organization={Florence, Italy}
}

@article{balafar2010review,
  title={Review of brain MRI image segmentation methods},
  author={Balafar, Mohd Ali and Ramli, Abdul Rahman and Saripan, M Iqbal and Mashohor, Syamsiah},
  journal={Artificial Intelligence Review},
  volume={33},
  number={3},
  pages={261--274},
  year={2010},
  publisher={Springer}
}


@article{gordillo2013state,
  title={State of the art survey on MRI brain tumor segmentation},
  author={Gordillo, Nelly and Montseny, Eduard and Sobrevilla, Pilar},
  journal={Magnetic resonance imaging},
  volume={31},
  number={8},
  pages={1426--1438},
  year={2013},
  publisher={Elsevier}
}


@article{despotovic2015mri,
  title={MRI segmentation of the human brain: challenges, methods, and applications},
  author={Despotovi{\'c}, Ivana and Goossens, Bart and Philips, Wilfried},
  journal={Computational and mathematical methods in medicine},
  volume={2015},
  year={2015},
  publisher={Hindawi}
}


@article{srivastava2015highway,
  title={Highway networks},
  author={Srivastava, Rupesh Kumar and Greff, Klaus and Schmidhuber, J{\"u}rgen},
  journal={arXiv preprint arXiv:1505.00387},
  year={2015}
}


@article{li2017visualizing,
  title={Visualizing the loss landscape of neural nets},
  author={Li, Hao and Xu, Zheng and Taylor, Gavin and Studer, Christoph and Goldstein, Tom},
  journal={arXiv preprint arXiv:1712.09913},
  year={2017}
}



@article{aggarwal2009magnetic,
  title={Magnetic resonance imaging and micro-computed tomography combined atlas of developing and adult mouse brains for stereotaxic surgery},
  author={Aggarwal, Manisha and Zhang, Jiangyang and Miller, Michael I and Sidman, Richard L and Mori, Susumu},
  journal={Neuroscience},
  volume={162},
  number={4},
  pages={1339--1350},
  year={2009},
  publisher={Elsevier}
}


@article{schnabel2001generic,
  title={A generic framework for non-rigid registration based on non-uniform multi-level free-form deformations},
  author={Schnabel, Julia A and Rueckert, Daniel and Quist, Marcel and Blackall, Jane M and Castellano-Smith, Andy D and Hartkens, Thomas and Penney, Graeme P and Hall, Walter A and Liu, Haiying and Truwit, Charles L and others},
  journal={International Conference on Medical Image Computing and Computer-Assisted Intervention},
  pages={573--581},
  year={2001},
  organization={Springer}
}


@article{pines2009trends,
  title={Trends in the rates of radiography use and important diagnoses in emergency department patients with abdominal pain},
  author={Pines, Jesse M},
  journal={Medical care},
  volume={47},
  number={7},
  pages={782--786},
  year={2009},
  publisher={LWW}
}

@article{valverde2020ratlesnetv2,
  title={Ratlesnetv2: a fully convolutional network for rodent brain lesion segmentation},
  author={Valverde, Juan Miguel and Shatillo, Artem and De Feo, Riccardo and Gr{\"o}hn, Olli and Sierra, Alejandra and Tohka, Jussi},
  journal={Frontiers in neuroscience},
  volume={14},
  pages={1333},
  year={2020},
  publisher={Frontiers}
}


@article{mulder2017mri,
  title={MRI Mouse Brain Data of Ischemic Lesion after Transient Middle Cerebral Artery Occlusion},
  author={Mulder, Inge A and Khmelinskii, Artem and Dzyubachyk, Oleh and De Jong, Sebastiaan and Wermer, Marieke JH and Hoehn, Mathias and Lelieveldt, Boudewijn PF and van den Maagdenberg, Arn MJM},
  journal={Frontiers in neuroinformatics},
  volume={11},
  pages={51},
  year={2017},
  publisher={Frontiers}
}

@article{dutta2016men,
  title={Men and mice: relating their ages},
  author={Dutta, Sulagna and Sengupta, Pallav},
  journal={Life sciences},
  volume={152},
  pages={244--248},
  year={2016},
  publisher={Elsevier}
}


@article{lerch2017studying,
  title={Studying neuroanatomy using MRI},
  author={Lerch, Jason P and van der Kouwe, Andr{\'e} JW and Raznahan, Armin and Paus, Tom{\'a}{\v{s}} and Johansen-Berg, Heidi and Miller, Karla L and Smith, Stephen M and Fischl, Bruce and Sotiropoulos, Stamatios N},
  journal={Nature neuroscience},
  volume={20},
  number={3},
  pages={314--326},
  year={2017},
  publisher={Nature Publishing Group}
}


@misc{winther2020,
title={COVID-19 Image Repository}, url={https://figshare.com/articles/dataset/COVID-19\_Image\_Repository/12275009/1}, DOI={10.6084/m9.figshare.12275009.v1},
publisher={figshare},
author={Winther, Hinrich B. and Laser, Hans and Gerbel, Svetlana and Maschke, Sabine K. and B. Hinrichs, Jan and Vogel-Claussen, Jens and Wacker, Frank K. and Höper, Marius M. and Meyer, Bernhard C.},
year={2020},
month={May}
} 

@article{chowdhury2020can,
  title={Can AI help in screening viral and COVID-19 pneumonia?},
  author={Chowdhury, Muhammad EH and Rahman, Tawsifur and Khandakar, Amith and Mazhar, Rashid and Kadir, Muhammad Abdul and Mahbub, Zaid Bin and Islam, Khandakar Reajul and Khan, Muhammad Salman and Iqbal, Atif and Al Emadi, Nasser and others},
  journal={IEEE Access},
  volume={8},
  pages={132665--132676},
  year={2020},
  publisher={IEEE}
}


@article{cucinotta2020declares,
  title={WHO declares COVID-19 a pandemic},
  author={Cucinotta, Domenico and Vanelli, Maurizio},
  journal={Acta Bio Medica: Atenei Parmensis},
  volume={91},
  number={1},
  pages={157},
  year={2020},
  publisher={Mattioli 1885}
}


@article{shinagare2015use,
  title={Use of CT and MRI in emergency department patients with acute pancreatitis},
  author={Shinagare, Atul B and Ip, Ivan K and Raja, Ali S and Sahni, V Anik and Banks, Peter and Khorasani, Ramin},
  journal={Abdominal imaging},
  volume={40},
  number={2},
  pages={272--277},
  year={2015},
  publisher={Springer}
}

@article{korley2010use,
  title={Use of advanced radiology during visits to US emergency departments for injury-related conditions, 1998-2007},
  author={Korley, Frederick Kofi and Pham, Julius Cuong and Kirsch, Thomas Dean},
  journal={Jama},
  volume={304},
  number={13},
  pages={1465--1471},
  year={2010},
  publisher={American Medical Association}
}
